2650 4242
195 263 234 326 38
402 267 404 278 ⁴
495 279 680 322 aanvrmtuu
705 279 909 325 0011030011ιο

194 411 314 474 reapse
329 395 431 456 habet
445 393 545 454 talem
565 393 776 470 qualitatem.
799 395 832 457 Si
847 395 888 456 ab
904 393 1037 472 objecto
1055 390 1216 455 dissonae

195 475 377 553 propositio
392 475 465 536 haec
476 473 543 536 erit
557 473 647 550 feisa
667 494 677 531 :
691 491 723 535 v.
739 491 789 552 gr.
806 477 833 537 si
846 475 1014 537 diceretur
1029 492 1036 537 ε
1054 474 1107 536 hic
1116 472 1217 535 homo

196 563 247 618 est
263 555 368 626 albus,
386 552 466 615 dum
481 558 535 615 est
548 554 654 632 niger,
671 555 853 630 propositio
867 559 958 616 esset
971 550 1067 616 falsa.
1083 557 1123 615 At
1138 570 1219 630 qua·

140 631 143 638 ’
193 635 269 700 litas
284 635 548 713 propositionum
557 635 664 710 magis
680 632 805 696 directe
817 633 1045 697 consideratur
1058 634 1092 695 in
1112 633 1218 696 altera

194 719 290 794 parte
301 715 431 792 logicae,
444 714 477 777 in
489 731 553 795 qua
567 715 675 794 agitur
686 713 728 776 de
744 713 976 776 conformitate
991 718 1216 792 conceptuum

198 809 274 858 cum
289 796 435 875 objecto.

334 974 365 1027 tt.
382 974 423 1027 De
438 970 634 1028 divisionibus
648 986 716 1042 quae
728 970 842 1041 jndicio
857 973 927 1026 sunt
940 971 1078 1043 propriae.

235 1133 287 1194 57.
305 1166 343 1174 —
359 1131 382 1192 1.
399 1129 536 1201 iudicia,
547 1147 627 1210 Υ(11100
638 1148 700 1209 per
714 1131 957 1208 propositiones
972 1133 1213 1209 exprimuntur,

195 1215 337 1291 possunt
351 1213 463 1287 partiri
476 1211 603 1274 ratione
617 1213 709 1273 modi
721 1228 786 1288 quo
799 1211 1022 1279 efformantur.
1037 1214 1066 1272 10
1078 1215 1113 1274 111
1123 1211 1214 1291 judi·

196 1292 245 1354 cia
270 1309 289 1354 a
305 1293 415 1368 priori,
433 1289 630 1370 etjudiciaa
645 1290 821 1370 posteriori
834 1293 865 1352 2⁰
879 1292 913 1353 in
929 1292 1054 1371 judicia
1068 1292 1213 1357 mediata

200 1375 234 1435 et
247 1370 450 1434 immediata.

239 1453 268 1514 1ο
281 1450 420 1527 Quando
443 1467 484 1513 ex
498 1449 568 1512 sola
582 1449 734 1515 idearum
750 1449 1015 1514 consideratione
1033 1454 1211 1515 0110101011-

196 1531 261 1603 101,
289 1547 411 1608 nempe
437 1534 582 1611 seposita
607 1531 754 1610 qualibet
777 1532 991 1608 experientia,
1015 1529 1168 1596 dicuntur
1191 1551 1213 1594 α

191 1613 311 1688 priori.
330 1614 397 1673 Hoc
410 1609 446 1672 fit
461 1628 535 1673 cum
546 1629 610 1672 una
625 1610 701 1672 idea
716 1611 894 1688 percipitur
908 1615 1066 1691 tanquam
1086 1614 1214 1677 inclusa

193 1691 361 1753 inrationc
373 1692 516 1763 alterius
532 1696 609 1752 tunc
617 1691 918 1754 simulcontuemur
926 1689 1019 1754 ideas
1031 1711 1214 1772 earumque

194 1767 402 1834 identitatem
417 1773 472 1833 vel
486 1770 718 1833 differentiam.
735 1787 766 1831 v.
783 1788 832 1849 gr.
853 1791 860 1832 :
878 1772 955 1833 idea
968 1776 1065 1834 totius
1074 1774 1214 1836 includit

193 1850 305 1912 ideam
314 1857 433 1927 portis,
450 1855 483 1913 et
497 1850 590 1913 ideas
600 1854 680 1913 istas
695 1852 813 1913 intueri
828 1868 894 1913 non
916 1868 1106 1929 possumuS,
1131 1854 1212 1932 quin

197 1931 439 2008 conspiciamus
456 1949 463 1991 :
483 1937 584 1994 toturn
599 1947 664 1992 csse
678 1933 788 2008 mcjtcs
798 1937 904 2007 porte.

236 2012 313 2072 Haec
332 2011 457 2090 judicia
481 2028 502 2071 c
528 2013 642 2088 priori
663 2009 817 2072 dicuntur
840 2012 940 2073 etiam
950 2028 1051 2087 porc,
1076 2015 1154 2090 quia
1168 2014 1210 2076 ab

196 2092 398 2169 experientia
411 2105 478 2152 non
492 2091 653 2167 pendent,
671 2089 824 2152 dicuntur
838 2092 1031 2166 rationalia,
1047 2095 1125 2169 quia
1140 2091 1213 2156 sola

194 2171 321 2233 ratione
337 2171 567 2240 efformantur;
585 2171 739 2232 dicuntur
753 2171 929 2246 analytica,
942 2170 1019 2248 quia
1031 2189 1072 2233 ex
1084 2173 1211 2253 anaiysi

194 2253 293 2313 unius
313 2251 442 2313 termini
463 2249 640 2313 efflorescit
665 2251 749 2312 alter
767 2251 926 2313 terminus
941 2250 1073 2330 judicii;
1090 2272 1121 2316 v.
1145 2270 1210 2332 gr,

194 2331 229 2394 in
248 2333 401 2409 superius
424 2331 550 2408 prolato
572 2329 711 2409 judicio,
735 2347 777 2392 ex
795 2331 923 2411 analysi
943 2331 1087 2396 notionis
1112 2335 1212 2397 totius

195 2412 336 2487 emergit
349 2411 440 2474 notio
448 2414 565 2487 partis.

234 2494 267 2553 2⁰
286 2491 412 2553 iudicia
433 2495 550 2552 sunta
580 2492 766 2565 posteriori,
797 2489 929 2569 quando
956 2489 1043 2552 facto
1078 2492 1214 2569 ipsoet

195 2572 399 2649 experientia
420 2569 610 2642 fundantur,
635 2587 665 2631 v.
689 2587 736 2648 g„
766 2571 853 2649 ignis
876 2571 1052 2644 comburit;
1077 2589 1142 2650 qua
1168 2571 1211 2634 de

196 2669 291 2713 causa
314 2652 473 2726 empirica
492 2651 589 2712 etiam
613 2649 776 2722 dicuntur,
806 2667 867 2711 seu
881 2653 1152 2726 ceperimcotoiio
1177 2656 1212 2715 et

189 2732 336 2807 pityrion.
350 2731 508 2792 Praeterea
518 2734 677 2791 vocantur
687 2731 869 2804 spotteticrc
894 2731 970 2808 quia
980 2747 1046 2793 una
1057 2731 1131 2793 idea
1142 2747 1213 2793 non

195 2815 246 2872 est
268 2811 310 2872 de
344 2812 469 2873 ratione
506 2810 650 2880 alterius,
681 2808 754 2881 sed,
791 2809 956 2873 suadente
993 2812 1209 2889 experientia,

194 2891 386 2954 attributum
402 2890 552 2968 subjecto
576 2889 759 2967 copulatur.
1137 2951 1141 2961 ,

233 2972 284 3033 58.
308 2973 393 3032 -11,
406 2970 534 3032 iudicia
544 2969 612 3030 sive
623 2970 795 3048 analytica,
813 2969 881 3032 sire
904 2970 1212 3048 syntheticadicun-

193 3052 462 3124 turimmcdiotc,
479 3050 611 3129 quando
633 3049 787 3111 identitas
801 3051 854 3112 vel
875 3049 1095 3129 discrepantia
1119 3049 1210 3112 idea-

193 3147 268 3192 rum
281 3130 368 3192 illico
381 3135 491 3207 patet:
522 3131 676 3202 mediato,
700 3127 833 3207 quando
862 3131 980 3191 relatio
997 3138 1212 3192 terminorum

192 3225 262 3272 non
299 3210 465 3287 detegitur
499 3209 561 3272 nisi
595 3227 658 3287 ope
674 3210 845 3272 ratiocinii.
1178 3213 1181 3219 '

234 3291 307 3352 Istae
318 3316 321 3320 ·
332 3289 508 3353 divisiones
522 3291 664 3369 propriae
694 3294 771 3350 sunt
785 3289 886 3351 sotius
896 3288 1024 3367 judicii,
1043 3287 1121 3352 dum
1137 3291 1210 3351 aliae

194 3384 278 3447 quas
291 3369 530 3440 recensuimus
562 3385 755 3431 communes
776 3374 853 3430 sunt
884 3373 953 3430 tum
969 3366 1108 3449 judicio,
1141 3377 1212 3433 turn

194 3449 290 3530 signo
301 3450 416 3529 judicii
430 3466 492 3512 seu
506 3449 732 3526 propositioni.

233 3531 284 3594 59.
306 3564 343 3575 -
363 3529 487 3592 iudicia
505 3528 658 3608 quaedam
673 3528 884 3591 scientiarum
910 3524 1018 3590 fontes
1038 3526 1212 3603 primarios

195 3625 257 3672 seu
266 3612 432 3688 principio
449 3612 664 3685 constituunt,
682 3613 715 3671 et
728 3607 805 3670 ideo
823 3608 976 3670 dicuntur
997 3610 1214 3676 0011001010,οι

192 3691 295 3754 Verbo
312 3690 415 3770 αξιωμα
426 3688 602 3772 (dimittas).
