2650 4242
444 270 655 319 1111111111
676 273 706 316 n.
1030 251 1089 314 155

100 387 214 468 Igitur
228 403 333 449 oausae
348 403 495 449 enorum
509 403 643 464 semper
656 385 772 448 haberi
788 385 913 450 debent
926 391 963 449 ut
975 384 1086 448 fontes

52 468 274 545 ignorantie,
288 467 454 546 siquidem
467 483 576 529 oausae
592 484 663 546 quae
678 469 825 528 mentem
839 485 859 529 a
874 485 951 531 vero
977 465 1086 528 detor-

54 553 189 624 quent,
220 547 410 628 ignorantia
428 548 527 627 hujus
547 547 618 610 veri
633 546 806 608 exordium
821 547 911 610 dant.
932 549 1086 610 Attamen

55 633 150 696 sunt,
159 627 273 690 fontes
288 626 424 704 quidam
437 628 560 705 proprii
574 626 676 689 solius
701 627 902 708 ignorantie,
930 627 987 706 qui
1010 633 1087 688 sunt

57 709 243 769 naturales
257 713 315 768 eut
327 708 512 769 voluntarii.
883 781 886 785 ι

105 789 183 851 256.
200 821 239 830 -
250 787 355 847 Prima
370 803 469 867 causa
484 803 525 848 ex
539 789 610 864 ipsa
623 786 773 848 notorott
782 787 921 848 bominis
934 788 1086 850 conditio·

59 884 106 927 ae
116 869 257 945 petitur,
273 867 398 928 scilicet
417 884 458 928 ex
468 865 662 929 facultatum
676 867 915 944 potentialitate
928 872 961 928 et
971 867 1086 930 limita·

62 947 163 1009 tione
184 969 191 1008 :
211 952 240 1009 l⁰
255 963 295 1007 ex
308 945 501 1008 facultatum
514 946 765 1024 potentialitate,
781 963 857 1008 nam
871 946 969 1008 homo
985 947 1086 1008 omni·

61 1027 133 1088 bus
145 1027 294 1090 scientiis
308 1027 442 1088 orbatus
456 1028 611 1100 nascitur,
628 1025 671 1086 ad
686 1042 769 1104 quas
784 1043 925 1104 operose
941 1031 975 1088 et
985 1027 1087 1104 pede-

65 1108 192 1168 tentim
211 1107 367 1184 'pervenit
388 1106 569 1169 ministerio
591 1121 762 1182 sensuum,
783 1109 840 1184 qui
853 1106 1040 1169 infirmitate
1056 1113 1089 1168 et

65 1187 222 1266 quadam
234 1187 382 1265 ingenita
397 1187 514 1248 inertia
526 1187 687 1248 laborant.

109 1267 243 1328 Deinde
258 1269 290 1329 2⁰
305 1282 346 1326 ex
360 1267 510 1328 absoluta
524 1264 920 1329 facultatumlimitatione
930 1269 964 1329 in
973 1265 1088 1327 virium

65 1347 274 1419 intensione,
299 1363 444 1426 namque
468 1349 550 1407 ratio
574 1347 657 1423 ipsa,
684 1346 783 1407 etiam
798 1346 939 1416 exculta,
955 1361 1023 1407 non
1038 1349 1090 1407 est

67 1427 153 1488 satis
163 1426 263 1487 octobr
277 1426 321 1487 ad
335 1427 397 1487 cito
413 1425 674 1504 percipiendum,
689 1441 800 1504 neque
815 1426 893 1486 satis
908 1441 1033 1486 memor
1046 1424 1088 1486 ad

68 1505 299 1577 retinendum,
315 1518 426 1586 neque
440 1507 520 1567 satis
533 1511 629 1568 acuto
638 1503 681 1565 ad
692 1508 811 1568 acriter
821 1504 1087 1585 intelligendum,

68 1601 188 1664 neque
203 1586 340 1647 tandem
353 1589 432 1648 satis
448 1585 560 1662 amplo
574 1584 618 1645 ad
631 1586 733 1645 multa
754 1585 851 1645 simul
876 1585 1087 1662 capiendum.

113 1664 265 1728 Tandem
280 1667 312 1727 3ο
328 1683 369 1727 ex
382 1664 576 1727 facultatum
589 1665 782 1726 limitatione
797 1665 943 1738 relativa,
965 1666 1090 1727 scilicet

69 1747 108 1806 in
137 1746 255 1807 ordine
275 1744 318 1807 ad
331 1746 455 1824 obiecti
480 1747 709 1806 extensionem
735 1765 742 1805 :
771 1750 804 1805 et
818 1760 934 1807 revera
958 1745 1087 1807 etiamsi

73 1825 210 1888 dotibus
226 1842 325 1902 supra
340 1828 550 1896 enumeratis,
567 1825 687 1902 quibus
703 1828 803 1898 caret,
821 1824 940 1886 eximie
950 1825 1091 1899 polleret

72 1906 173 1976 ratio,
188 1909 300 1966 tamen
314 1921 484 1983 nunquam
498 1907 673 1982 pervenire
695 1908 810 1981 posset
832 1905 1024 1968 naturaliter
1047 1901 1091 1965 ad

74 2001 194 2046 omnes
212 1985 367 2047 veritates
387 1983 652 2063 cognoscendam
668 1989 880 2062 quapropter,
893 1985 977 2046 siout
988 1982 1090 2061 domi·

73 2065 169 2126 nium
188 2065 261 2144 ejus
285 2065 484 2145 objectivum
508 2081 547 2126 ac
570 2065 726 2140 possibile
744 2069 794 2125 est
812 2065 1019 2134 illimitatum,
1045 2065 1091 2126 ite

75 2145 151 2224 ejus
166 2143 347 2205 dominium
360 2146 450 2206 reale
464 2147 497 2204 in
513 2144 629 2205 ordine
645 2146 887 2206 consecutionis
901 2145 1090 2206 necessario

73 2225 252 2285 limitatum
274 2230 325 2286 est
348 2230 381 2286 et
405 2228 617 2286 coarctatum.
643 2225 714 2284 Haec
739 2241 819 2303 ergo
839 2223 1024 2302 ignorantia
1039 2227 1091 2286 est

75 2302 275 2463 ne6c5ssaria
292 2319 358 2367 non
373 2310 483 2367 autem
496 2305 682 2367 voluntaria
697 2306 730 2364 et
744 2321 850 2382 pravae
870 2301 1091 2382 dispositionis

75 2384 86 2464 (
115 2466 299 2525 Autumant
312 2463 527 2524 Rationalistae
540 2462 648 2524 nullos
669 2477 744 2523 esse
767 2463 887 2524 limites
910 2462 1091 2525 intellectui

75 2545 226 2605 humano
238 2545 422 2620 praefinitos,
437 2557 569 2604 necnon
584 2540 883 2619 perfectibilitatem
906 2543 1093 2603 naturalem

76 2624 301 2702 intelligentiae
315 2626 432 2683 nostre
447 2639 484 2682 se
500 2623 679 2684 extendere
694 2623 737 2684 ad
752 2627 858 2683 totum
872 2623 1031 2683 ambitum
1044 2623 1091 2681 in·

77 2703 307 2783 telligibilium.
320 2702 439 2764 Contra
451 2701 733 2779 huncfpessimum
745 2719 890 2764 errorem
900 2699 1089 2763 affirmatur.

76 2830 150 2890 257.
167 2860 207 2870 -
220 2829 327 2888 11111111
344 2828 367 2887 l.
383 2830 511 2887 Dantur
525 2828 672 2903 quaedam
688 2827 837 2886 caritates
853 2843 923 2902 que
947 2805 1093 2892 obsolute

119 2915 149 2970 et
160 2923 223 2984 per
235 2923 269 2967 se
283 2908 419 2967 rationis
430 2907 581 2968 1111111111
596 2910 726 2982 coptum
741 2907 908 2968 coccedunt.

118 3022 294 3083 Probatur.
313 3023 342 3082 l⁰
356 3020 504 3081 Ambitus
518 3019 773 3098 intelligibilium
785 3020 1023 3082 determinatur
1032 3031 1095 3095 per

79 3119 120 3163 ea
134 3101 246 3162 omnia
263 3117 333 3178 qua
346 3101 533 3162 intellectus
548 3097 692 3161 infinitus
707 3101 869 3178 intelligit.
885 3101 984 3177 Atqui
999 3099 1093 3160 intel·
1155 3129 1156 3137 ,

78 3184 188 3243 lectus
211 3182 373 3241 humanus
399 3184 449 3240 est
467 3179 587 3252 finitus,
610 3184 727 3256 utpote
749 3181 945 3258 contingens
968 3183 1092 3240 111111-

80 3262 208 3323 cesslve
224 3259 448 3336 perfectibilis.
472 3262 557 3340 Ergo
581 3261 785 3336 impossibile
802 3264 852 3320 est
866 3265 903 3320 ut
917 3260 969 3320 hic
996 3258 1092 3320 intel-

79 3343 187 3402 lectus
200 3356 240 3401 ea
250 3342 358 3400 omnia
367 3340 583 3419 intelligibilia
595 3339 845 3418 complectatur,
859 3355 930 3417 quae
942 3337 1096 3418 intelligit

81 3421 269 3482 intellectus
284 3418 439 3480 infinitus

121 3498 719 3562 11111111111111111111111111111111
743 3497 784 3559 ad
808 3500 919 3559 omnia
942 3493 1095 3574 intelligi-

83 3579 157 3640 bilia
174 3595 212 3641 se
227 3578 395 3651 extendat,
410 3581 447 3640 ut
462 3579 560 3640 etiam
574 3579 746 3639 innumera
760 3579 825 3639 sint
837 3575 873 3640 in
891 3577 970 3656 ipsis
993 3573 1095 3639 rebus

84 3660 291 3723 naturatibus
302 3657 460 3736 impervia
473 3658 549 3719 huic
563 3653 692 3720 rationi.
793 3711 795 3718 .
