2650 4242
428 269 519 333 1111111
539 287 732 333 0110111011.

451 431 649 485 ARTICULUS
669 432 700 485 ll.

407 536 443 590 ne
458 539 551 590 causis
565 538 744 603 ipnarantie.

103 640 285 711 Ignorantia,
300 654 385 695 secus
400 654 544 712 1011101,
560 639 680 698 nullum
690 640 815 697 includit
830 652 998 709 assensum,

66 709 120 764 vel
133 708 300 767 dissensum
315 712 433 767 mentis.
505 728 507 733 ·
583 748 586 752 -
1036 708 1089 765 154

106 783 206 907 Palma
229 784 404 853 ignorantiae
426 796 516 839 causa
539 785 585 837 est
608 782 674 853 ipsa
702 782 848 837 naturalis
873 782 1001 841 hominis
1039 801 1105 906 155*

69 864 130 905 con
154 852 214 907 tio.
1131 868 1135 877 ’

109 924 220 977 Turesis
233 924 254 979 l.
270 924 382 977 Dantur
395 926 520 991 qaedam
542 925 672 977 veritates
695 938 754 989 aaa
771 924 892 976 absolute
916 928 939 977 et
951 936 1001 990 per

70 995 237 1047 errationis
251 994 506 1063 namanecaptnm
529 996 671 1049 eaeednnt.
698 993 813 1048 Etenim
830 994 858 1047 1ο
873 992 1002 1048 ambitus

70 1062 304 1132 intelligibilium
325 1078 380 1134 per
402 1064 632 1121 intellectionem
655 1062 778 1119 infinitae
797 1063 1002 1133 intelligentiae

72 1134 337 1202 determinabilem
352 1149 443 1205 porro
466 1136 635 1191 intellectus
658 1135 805 1189 humanus
820 1136 866 1189 est
882 1133 999 1203 finitum

72 1205 107 1257 2⁰
122 1205 214 1259 multa
228 1206 318 1260 etiam
331 1208 410 1260 inter
425 1206 572 1261 naturalia
585 1208 655 1261 sunt
669 1204 781 1261 bomini
795 1205 949 1274 impervia.
1034 1202 1086 1257 155

111 1277 221 1333 Tflnsm
235 1278 264 1330 ll.
287 1278 480 1331 Verumtamen
495 1280 633 1347 veritates,
648 1292 708 1343 qnae
721 1280 788 1329 snnt
801 1289 889 1342 snpra
910 1276 1002 1328 ratio-

74 1360 151 1408 nem,
166 1350 267 1401 contra
280 1350 420 1401 rationem
434 1364 486 1401 esse
501 1350 557 1401 dici
571 1352 720 1415 nequeant.
737 1346 852 1401 Etenim
876 1346 907 1399 in
921 1345 1006 1399 hisee

74 1415 253 1472 veritatibus
267 1431 351 1472 mens
366 1417 423 1472 sibi
444 1418 548 1473 relicta
570 1418 805 1473 convenientiam
822 1418 874 1470 aut
888 1415 1003 1470 disere-

73 1487 207 1555 pantiam
222 1489 418 1543 terminorum
432 1488 653 1558 deprehendere
669 1502 727 1543 non
742 1485 830 1541 valet.
850 1488 936 1555 Ergo.
1039 1484 1105 1541 156,
1195 1554 1198 1561 .

111 1559 220 1613 Tunsrs
244 1560 285 1613 lll.
317 1561 446 1613 Veritates
466 1561 721 1628 ,snpraratienalen
747 1560 797 1611 etsi
808 1572 859 1623 per
870 1559 1002 1625 proprias

75 1629 202 1682 rationes
216 1629 386 1697 apprehendi
400 1635 425 1683 et
439 1631 563 1697 cepnerci
577 1644 595 1681 a
610 1630 691 1683 nobis
714 1633 863 1699 nequeant,
885 1632 1002 1695 possunt

75 1702 172 1751 tannn
182 1713 234 1766 per
247 1700 328 1766 fidem
342 1705 366 1753 et
383 1704 577 1754 auctaretatem
592 1701 678 1753 credi.
787 1762 789 1769 y
1039 1696 1092 1754 156

111 1767 244 1823 Secunda
257 1770 434 1839 ignorantiae
449 1772 597 1825 causaest
611 1772 678 1823 ordo
690 1774 872 1837 preposterus
890 1769 1001 1822 stadio·

77 1853 154 1893 rum,
183 1840 275 1893 Tertia
298 1844 344 1895 est
359 1843 522 1895 immedietas
537 1843 684 1894 notionum
697 1842 845 1893 snbiilinm
860 1844 1002 1908 contemp-

75 1915 133 1964 tur.
148 1915 173 1964 et
187 1912 368 1965 deordinatae
383 1915 467 1966 1111101
481 1915 626 1980 cujuslibet
639 1912 788 1965 ratiocinii
799 1912 916 1977 pretini.
1039 1907 1092 1963 156

440 2110 728 2175 METAPHYSICA.

483 2225 683 2280 PROLOGUS.

114 2329 325 2401 Metaphysica,
344 2332 431 2400 cujus
445 2331 595 2400 objectum
618 2331 690 2385 sunt
713 2343 761 2384 res
785 2331 837 2385 aut
849 2342 900 2395 per
913 2343 940 2380 se
955 2329 1007 2382 aut
1069 2396 1070 2399 Ἴ

77 2401 180 2452 mentis
194 2403 377 2455 abstractione
392 2401 611 2471 immateriales,
627 2400 772 2455 dividitur
793 2400 823 2453 in
837 2397 1007 2469 generalem

76 2483 134 2535 ,seu
149 2470 341 2543 Ontologiam,
356 2475 387 2527 et
401 2472 571 2542 specialem.
1046 2465 1097 2523 159
1198 2544 1199 2547 Ἴ

117 2541 317 2612 Metaphysica
330 2544 463 2613 specialis
478 2544 588 2598 iterum
611 2540 642 2595 in
666 2542 729 2594 tres
744 2539 923 2610 dispescitur
936 2551 1007 2608 par-

80 2613 139 2681 tes,
164 2615 323 2681 quaesunt
347 2614 539 2683 Cosmologia,
573 2611 766 2679 Psyehologia
793 2613 823 2664 et
850 2608 1008 2677 Theologia

81 2682 237 2738 naturalis.
1047 2678 1099 2732 leo

119 2752 198 2807 Ordo
211 2753 325 2823 logicus
339 2754 419 2808 inter
431 2756 494 2808 tres
508 2754 574 2807 illas
596 2754 698 2822 partes
721 2749 889 2820 expostulat
904 2751 937 2803 ut
951 2750 1014 2803 Me·

82 2823 267 2893 taphysioam
281 2824 490 2895 aggrediamur
505 2824 541 2879 ab
555 2820 711 2891 Ontologia
726 2838 733 2876 :
758 2818 864 2875 deinde
883 2817 1009 2889 gradum

83 2893 224 2949 iaciemus
239 2895 276 2950 ad
290 2896 514 2965 Cosmologiam,
530 2895 577 2949 cni
592 2892 762 2947 immediate
777 2890 914 2945 succedet
934 2892 1008 2959 Psy-

83 2964 219 3034 chclogia
235 2984 242 3019 z
258 2980 292 3021 11
306 2966 426 3021 demum
447 2965 485 3020 de
507 2963 666 3032 Theologia
681 2962 809 3017 naturali
825 2960 929 3018 ultimo
945 2960 1010 3015 loco
1030 2984 1033 2989 ·

82 3036 287 3092 tractabimus.
1047 3029 1100 3085 loa

334 3200 604 3265 unrAPflYslcn
626 3198 852 3260 GENERALIS.

464 3329 522 3372 SEU
536 3324 722 3371 erroneam.

122 3426 322 3495 Metaphysica
336 3423 494 3495 generalis,
510 3436 577 3492 quae
591 3422 730 3476 versatur
745 3420 823 3473 circa
837 3431 890 3471 ens
905 3415 935 3471 in
960 3429 1011 3484 ge-

89 3511 171 3579 nere,
187 3510 293 3567 nempe
307 3495 385 3549 circa
399 3495 531 3549 rationes
546 3491 778 3547 universaliores
801 3503 869 3558 quae
892 3486 1013 3541 erebus

89 3567 227 3624 omnibus
249 3569 313 3623 sive
336 3565 488 3635 corporeis
511 3564 575 3619 sive
588 3560 773 3631 incorporeis
787 3557 1010 3627 abstrahuntur,

89 3642 121 3694 in
135 3640 263 3709 quatuor
277 3638 465 3709 dispescitur,
1050 3624 1103 3681 161
