2650 4242
313 288 510 333 uurarursrua
532 290 615 344 orm,
638 287 692 336 suu
717 291 895 336 orroeocm.
1058 273 1114 336 165
1140 285 1142 289 '

91 420 172 465 sum
187 405 229 467 ab
244 401 452 466 inferioribus
462 405 496 465 in
512 405 632 482 quibus
648 407 766 468 existit.
793 407 849 468 Est
877 411 988 469 lamen
1007 425 1115 469 secun·
1168 411 1171 414 '

93 486 176 545 dum
190 487 352 545 rationem
374 486 415 546 ab
437 483 865 563 omnibus'particularibus
880 503 942 550 seu
957 485 1115 550 membris

93 560 322 630 dividentibus
337 581 397 627 ens
408 563 591 641 distinctus,
609 581 685 626 cum
699 568 739 627 sit
754 566 948 630 abstractus

93 688 170 751 270.
186 721 226 732 -
239 688 347 750 Tarsis
368 689 408 752 ll..
430 693 606 765 Conceptus
621 692 710 762 eutis,
725 695 793 753 tum
804 691 958 766 formalis
971 696 1042 751 tum
1055 691 1112 752 ob·

130 769 282 846 jectivus,
294 775 439 844 respectu
451 769 647 845 inferiorum
663 773 708 832 ad
720 787 790 846 que
804 771 972 843 descendit,
986 778 1030 832 est
1042 787 1112 832 cou-

20 940 21 945 γ
138 849 431 941 ceptusanutoqcs,
446 848 602 926 anologio
623 851 841 910 attributionis
861 854 915 913 sui
932 853 1070 928 ueneris.

139 960 313 1022 Probatur.
328 960 487 1033 Analogia
501 961 534 1021 in
546 961 761 1038 conceptibus
787 963 820 1022 in
834 961 898 1022 hoc
916 960 1062 1024 consistit
1076 965 1115 1022 ut

96 1039 197 1102 alicui
212 1040 336 1100 notioni
348 1056 415 1102 non
426 1038 627 1117 respondeat
642 1042 704 1103 nisi
717 1043 799 1102 ratio
817 1040 945 1102 diversa
968 1039 1113 1103 entitatis

97 1137 178 1181 cum
198 1119 309 1197 aliqua
331 1119 662 1192 tamenbabitudine;
677 1123 818 1200 exquirit
839 1122 928 1182 enim
957 1121 987 1184 1ο
1009 1135 1113 1182 unum

97 1204 312 1276 conceptum,
328 1200 360 1260 2⁰
373 1200 535 1260 rationem
549 1201 701 1274 entitaliS,
713 1202 746 1262 in
762 1201 862 1262 rebus
876 1201 939 1262 hoc
951 1207 1115 1279 conceptu

99 1280 294 1358 designatis,
310 1280 429 1355 partim
444 1278 606 1341 diversam
619 1287 651 1341 et
665 1283 779 1359 partim
796 1279 948 1342 eamdem
972 1279 1034 1360 (27,
1061 1281 1112 1359 1⁰).
1135 1321 1137 1327 ι

141 1359 212 1420 llaec
232 1359 383 1437 analogia
409 1357 526 1420 dicitur
552 1361 779 1433 attributionis,
806 1358 942 1438 quando
974 1361 1114 1439 analoga

97 1436 329 1500 habitudinem
349 1454 411 1499 seu
425 1438 685 1515 dependentium*
697 1441 919 1501 necessariam
933 1440 1058 1502 habent
1072 1437 1115 1500 ad

98 1533 204 1579 unum
220 1534 262 1577 ex
274 1519 432 1598 ancingis,
450 1518 540 1596 quod
555 1519 750 1581 intrinsecus
764 1520 865 1581 babet
878 1518 1016 1582 formum
1031 1535 1114 1582 voce

100 1595 331 1678 significatam,
355 1603 387 1658 et
403 1597 492 1675 quod
508 1604 559 1659 est
573 1600 752 1680 analogum
767 1599 932 1677 princeps.

140 1679 239 1755 Atqui
256 1682 436 1754 conceptus
455 1679 539 1738 entis
553 1681 596 1740 ita
612 1683 662 1739 est
685 1697 771 1741 unus
797 1682 825 1743 l⁰
848 1685 884 1739 ut
903 1685 1013 1741 tamen
1031 1679 1114 1740 ratio

101 1757 267 1836 objectiva
282 1757 500 1818 entitatisnon
514 1758 556 1818 sit
565 1774 632 1818 una
649 1760 684 1820 in
694 1759 847 1820 omnibus
857 1774 926 1835 quae
947 1759 1008 1819 sub
1030 1760 1131 1819 eutisx

99 1838 238 1899 notione
267 1836 601 1913 comprehenduntur,
626 1839 704 1900 licet
716 1841 749 1900 2⁰
769 1841 853 1900 inter
865 1838 932 1898 naec
947 1839 1056 1899 omnia
1075 1838 1117 1898 sit

101 1915 254 1994 quedam
275 1915 446 1979 habitudo.
462 1919 589 1978 Etenim
604 1917 693 1978 notio
716 1919 810 1992 entis
826 1917 859 1978 in
873 1933 910 1978 se
924 1932 1002 1990 una,
1033 1915 1112 1978 dici·

100 1999 156 2056 tur
166 1997 209 2058 de
221 1996 320 2058 rebus
330 1997 518 2074 simpliciter
529 1996 663 2058 diversis
675 1996 769 2076 (⁵269),
783 2013 852 2075 que
863 2003 972 2058 tamen
984 1995 1068 2058 inter
1078 2013 1115 2059 se

100 2076 247 2154 aliquam
257 2076 379 2138 habent
389 2077 584 2161 relationem
596 2082 653 2137 aut
663 2076 1115 2139 habitudinemllaecdlversa

124 2157 228 2218 abent
242 2155 332 2217 idem
346 2170 479 2224 nomen,
496 2173 550 2216 ens
559 2178 570 2229 ‚·
583 2157 709 2218 babent
733 2157 887 2219 eumdem
917 2162 1116 2233 conceptum,

125 2251 181 2296 am
197 2251 331 2312 semper
351 2236 582 2312 concipiuntur
608 2241 645 2296 ut
670 2234 705 2297 id
727 2235 815 2314 quod
843 2236 944 2296 babet
972 2237 1116 2313 aliquam

141 2315 297 2376 alitatem.
324 2317 557 2377 Verumtamen
584 2315 660 2376 huic
687 2314 860 2393 conceptui
884 2317 1027 2376 rationes
1055 2333 1113 2376 ese-

198 2409 265 2454 non
285 2395 477 2472 simpliciter
504 2394 723 2470 respondent:
754 2409 813 2456 ens
834 2393 963 2456 finitum
998 2392 1119 2458 ¹dicitur

181 2475 341 2550 apropria
356 2477 503 2547 emitote,
528 2480 561 2536 et
581 2491 648 2536 non
664 2475 705 2534 ab
722 2477 859 2536 entitate
883 2474 966 2535 entis
981 2472 1114 2549 infiniti;

178 2551 260 2615 dens
275 2553 392 2615 dicitur
413 2570 502 2615 ensa
516 2557 647 2630 propria
663 2556 810 2625 entitate,
826 2567 894 2615 non
909 2555 950 2614 ab
981 2555 1115 2616 entitate

189 2634 376 2703 tautimetc.
389 2633 489 2712 igitur
502 2634 574 2695 ooci
587 2640 619 2695 et
637 2636 802 2708 conceptui
812 2633 895 2694 entis
910 2633 1117 2710 respondent

103 2713 126 2774 d
217 2715 390 2774 erutiones
402 2715 553 2783 enitatis,
564 2729 687 2790 nempe
700 2711 835 2773 diverse
847 2713 1026 2785 realitateS,
1040 2729 1116 2774 cum

102 2811 123 2854 a
242 2793 445 2854 habitudine.
467 2794 550 2871 Ergo
576 2794 664 2855 notio
688 2793 770 2853 entis
796 2797 847 2854 est
868 2792 1018 2872 analoga.
1045 2793 1116 2854 llaec

227 2873 256 2933 ia
280 2878 330 2933 est
353 2872 569 2935 attributionis
591 2873 645 2934 sut
664 2874 801 2946 pencris.
825 2873 952 2933 Etenim
974 2887 1015 2932 ex
1047 2888 1116 2934 una

102 2968 147 3029 pa
225 2953 305 3012 ratio
331 2952 399 3013 haec
419 2953 503 3013 entis
527 2957 578 3012 est
601 2952 791 3034 plenissime
806 2953 839 3012 in
855 2957 931 3013 ente
956 2949 1116 3034 infinitoa

234 3037 302 3092 tera
312 3033 398 3094 entia
414 3029 607 3109 dependent
617 3037 650 3092 et
661 3036 852 3092 mutuantur
882 3032 1044 3092 rationem
1059 3048 1116 3093 en-

119 3114 126 3125 “
224 3110 266 3171 de
282 3111 421 3172 habetur
434 3111 585 3190 analogia
606 3112 834 3174 attributionis.
850 3111 896 3171 Ex
912 3110 1013 3172 altera
1024 3119 1117 3187 parte

105 3189 158 3250 dic
243 3191 394 3270 analogia
408 3191 459 3251 sui
473 3189 709 3269 generis'quia
722 3190 941 3269 dependentia
951 3207 1012 3252 seu
1026 3191 1118 3252 habi·

220 3269 336 3330 liorum
353 3270 569 3350 analogorum
580 3277 735 3347 respectu
751 3272 882 3350 analogi
899 3270 1057 3347 principis
1069 3276 1120 3334 est

103 3349 167 3410 abs
225 3352 269 3420 ta‚·
290 3351 466 3412 intrinseca
489 3356 522 3411 et
537 3347 718 3428 adaequata.

143 3430 164 3489 2
208 3473 215 3488 .
241 3462 279 3474 -
308 3429 507 3490 corollaria.
530 3431 553 3491 l.
571 3430 605 3490 ln
626 3428 778 3507 analogia
795 3430 889 3502 entis,
902 3431 934 3491 si
950 3434 1120 3507 spectetur

104 3525 142 3569 re
202 3523 236 3568 as
251 3524 321 3585 que
336 3508 459 3569 nomini
470 3513 503 3570 et
518 3510 693 3586 conceptui
707 3509 898 3585 respondet,
916 3523 982 3569 non
1005 3513 1116 3570 autem

105 3602 122 3648 s
241 3603 376 3664 nomen,
405 3589 582 3667 analogum
609 3590 763 3666 princeps
786 3593 836 3650 est
858 3605 918 3650 ens
942 3585 1116 3659 infinitum,

189 3666 338 3728 ndarium
364 3672 486 3742 autem,
510 3665 597 3730 entia
620 3668 722 3745 finita,
747 3684 819 3746 que
842 3667 882 3730 ab
899 3674 974 3730 ente
990 3666 1116 3730 infinito
