2650 4242
300 266 497 313 neutrarsma
518 267 602 322 anu,
625 264 680 311 sno
703 265 883 312 ouroroon.
1045 248 1085 309 20

85 393 158 439 non
179 376 316 456 quidem
329 382 363 439 in
377 379 493 440 ordine
515 378 558 439 ad
573 378 692 452 locum,
709 378 770 439 sed
792 382 825 440 in
847 377 964 440 ordine
980 376 1023 438 ad
1048 378 1106 440 se':

86 463 122 517 et
136 461 303 535 quantitas
318 462 365 518 stc
392 462 524 534 sumpta
550 459 636 519 solet
658 457 769 519 vocari
796 461 941 532 interum
968 457 1102 534 quando

85 554 168 599 vero
197 541 351 616 importat
374 540 535 599 actualem
559 538 796 612 exclusionem,
819 553 942 615 nempe
968 535 1101 613 quando

86 620 213 692 partes,
236 634 302 678 non
313 621 451 695 tantum
471 620 599 691 natura,
616 617 678 678 sed
691 621 766 691 sita,
784 622 860 678 sunt
876 623 967 678 extra
978 620 1101 693 parteS,

87 701 255 773 quantitas
270 695 387 757 dicitur
401 704 547 759 caterae.
563 696 688 773 Corpus
703 698 829 771 Christi,
846 702 883 759 ut
898 696 996 757 docet
1012 696 1102 758 theo-

88 776 190 854 logia,
220 778 254 837 in
281 777 483 839 Eucharistia
503 777 605 838 habet
624 793 737 837 veram
762 777 979 854 quantitatem
1000 776 1102 837 conti-

89 872 203 929 nuam,
221 855 384 933 siquidem
400 861 451 917 est
470 872 586 917 verum
599 856 718 917 Christi
730 858 859 917 Domini
880 871 1016 933 corpus;
1042 871 1103 916 ve-

88 937 358 1006 rumtamenhaec
373 938 538 1014 quantitas
558 938 691 1012 proprie
715 952 784 997 non
810 938 910 997 habet
938 933 1102 995 actualem

90 1018 329 1085 extensionem,
352 1031 429 1075 nam
446 1016 561 1076 Christi
587 1016 717 1076 Domini
738 1031 857 1093 eorpus
880 1018 929 1075 esi
949 1019 1054 1075 totum
1067 1017 1102 1077 in

91 1099 161 1155 toto
176 1095 248 1157 loco
263 1095 374 1155 hostiae
390 1101 597 1170 consecratae,
614 1100 649 1156 et
664 1100 768 1155 totum
782 1097 815 1155 in
840 1095 986 1172 qualibet
1011 1094 1100 1172 ejus-

90 1172 170 1234 dem
190 1175 324 1234 minima
337 1178 431 1251 parte
448 1193 455 1233 :
473 1180 506 1234 et
520 1174 591 1235 ideo
608 1178 659 1234 est
674 1178 839 1252 quantitas
853 1190 945 1235 mere
961 1176 1098 1234 interna.

131 1254 199 1314 Etsi
217 1256 351 1328 pontice
380 1269 422 1313 ex
448 1252 616 1330 principiis
641 1254 855 1315 rationalibus
884 1252 1104 1316 demonstrari

90 1347 159 1393 non
173 1336 286 1409 possit,
310 1332 426 1393 saltem
441 1331 723 1396 demonstratione
749 1333 942 1409 apodictica,
971 1332 1102 1393 distinc-

92 1415 135 1473 tio
152 1413 248 1472 realis
272 1415 305 1471 et
318 1412 545 1487 separabilitas
560 1413 700 1473 actualis
718 1416 911 1475 extensionis
937 1414 970 1472 in
994 1413 1100 1491 spatio

90 1511 109 1551 a
132 1493 315 1569 quantitate
339 1493 480 1563 interna,
504 1495 703 1553 contrarium
728 1494 830 1552 multo
855 1493 964 1552 minus
991 1495 1104 1567 posset

91 1570 321 1710 demofnstrari.
337 1570 423 1645 Quid
437 1570 616 1633 ostendant
635 1573 795 1648 principia
810 1569 900 1645 fidei,
922 1571 1103 1649 Theologia

91 1654 180 1711 urani
196 1655 289 1713 estat.

130 1732 192 1792 360
214 1732 271 1792 bia.
302 1764 340 1772 —
368 1731 416 1790 Ex
437 1728 531 1792 dictis
553 1734 761 1807 sequeretur,
785 1730 1001 1807 quantitatem
1027 1744 1101 1789 esse

92 1813 231 1884 primam
254 1810 500 1886 dispositionem
514 1812 667 1883 materiae,
683 1826 744 1887 per
767 1824 866 1886 quam
893 1809 1029 1869 materia
1052 1812 1105 1868 est
1205 1792 1216 1809 ’

91 1897 229 1950 extensa
254 1895 287 1949 et
308 1888 485 1961 divisibilis,
514 1893 547 1949 et
570 1888 753 1950 accidentia
780 1890 907 1965 reliqua
935 1888 1044 1947 inesse
1070 1892 1103 1949 ei

90 1967 222 2029 fundari
235 1971 269 2029 in
283 1972 476 2046 quantitate,
493 1976 530 2029 ut
545 1967 669 2030 docent
683 1969 713 2029 S.
737 1969 877 2028 Thomas
894 1971 927 2027 et
950 1967 1099 2028 Scholas-

90 2049 145 2107 tici
159 2052 205 2111 sio
217 2049 444 2109 communiter.

426 2206 445 2267 s
460 2204 490 2259 11.
509 2202 710 2273 [inqualitate
726 2200 777 2270 (a).

129 2341 200 2405 361.
230 2378 269 2387 —-
297 2344 440 2419 Qualitas
462 2348 513 2404 est
539 2343 573 2404 id
602 2343 692 2421 quod
723 2340 905 2420 respondet
933 2343 1104 2419 questioni

90 2424 198 2499 quala
211 2426 253 2485 sit
266 2441 331 2485 res.
348 2424 459 2485 Potest
473 2421 601 2483 definiri
618 2443 625 2481 z
641 2424 790 2483 Accidens
804 2422 964 2497 compleas
979 2440 1017 2481 cc
1026 2438 1104 2497 per·

90 2505 199 2565 ticieus
219 2505 430 2565 substantium
443 2508 514 2563 tam
526 2505 561 2563 in
576 2504 740 2562 existendo
761 2517 860 2576 quam
874 2504 907 2562 c'o
922 2504 1099 2575 operanda.

91 2584 134 2642 Er
157 2583 219 2643 hac
235 2582 425 2643 definitione
450 2585 579 2641 constat
600 2580 792 2659 qualitatem
819 2582 951 2657 proprie
981 2578 1102 2639 dictam

91 2662 283 2723 substantiis
297 2659 503 2724 solummodo
525 2660 624 2721 finitis
651 2662 777 2731 inesse;
808 2660 988 2719 substantia
1015 2660 1102 2717 enim

91 2739 218 2803 infinita
227 2757 294 2803 non
308 2745 419 2820 potest
432 2738 545 2818 perfici
560 2744 617 2800 aut
632 2739 789 2818 compleri
803 2740 915 2799 sivein
932 2737 1101 2799 existendo

92 2824 218 2883 sivein
246 2822 428 2897 operanda.
455 2821 525 2880 Haec
555 2817 699 2881 definitio
722 2820 869 2896 apprime
898 2820 1050 2895 congruit
1072 2816 1103 2876 ei

91 2917 194 2979 quam
215 2901 387 2962 tradebant
402 2905 531 2960 veteres
549 2917 556 2957 :
572 2900 720 2959 Accidens
734 2900 823 2973 quod
834 2898 980 2971 sormam
993 2913 1100 2959 consc-

91 2985 215 3055 quitur.
233 2984 348 3042 Forma
370 2982 458 3041 enim
473 2982 523 3039 est
537 2976 572 3037 id
586 2976 677 3056 quod
691 2978 724 3036 in
740 2978 882 3037 essentia
897 2978 945 3035 rei
962 2976 1105 3053 complet

93 3064 126 3120 et
146 3059 285 3137 perficit,
304 3064 337 3121 et
351 3058 479 3119 confert
493 3057 717 3136 principalem¹
730 3060 796 3118 vim
811 3055 932 3133 agendi
949 3074 956 3113 :
973 3054 1049 3115 hinc
1070 3053 1105 3115 id

93 3140 184 3216 quod
199 3139 336 3201 formam
346 3136 569 3214 consequitur,
586 3136 752 3213 complere
767 3139 878 3214 potest
888 3134 1106 3196 substantiam

94 3227 164 3280 tum
184 3222 217 3279 in
233 3217 416 3289 existendo,
434 3222 503 3277 tum
517 3219 550 3277 in
564 3215 746 3292 operando.

133 3298 203 3359 362.
221 3302 320 3359 -Ex
335 3294 726 3358 definitioneimmediate
739 3294 901 3371 colligitur
913 3293 1107 3370 qualitatem

93 3375 239 3440 ordinari
254 3379 296 3440 ad
315 3375 555 3454 perficiendum
582 3374 650 3436 sive
672 3375 780 3452 ipsum
804 3389 877 3434 esse
907 3372 1108 3445 substantia,

94 3459 164 3519 sive
179 3458 253 3536 ejus
275 3458 520 3535 operationem3
545 3459 758 3533 quapropter,
775 3450 854 3514 licet
868 3470 886 3513 a
900 3453 1009 3513 multis
1032 3454 1110 3530 post

129 3643 166 3702 (a)
180 3640 215 3691 D.
232 3641 325 3691 Thorn·
342 3639 365 3699 1,
380 3636 409 3703 23
420 3653 468 3702 qu.
481 3634 521 3696 t9,
536 3637 589 3686 art.
606 3634 630 3684 2.

427 3717 511 3769 Bnnv.
524 3714 599 3766 Pan.
613 3714 645 3767 ¹1¹.
660 3714 682 3766 1.
696 3743 728 3755 -
740 3715 781 3769 tt.
