2650 4242
237 236 295 316 132
541 264 721 310 unnvnruuu
741 265 948 311 ruinosorrun

235 383 292 444 sed
304 396 361 442 ore
370 379 664 442 transmittentium.
677 376 819 443 Traditio
829 379 999 442 indubiam
1010 397 1126 457 parere
1137 387 1241 461 potest

234 459 347 533 fidem,
384 461 411 521 si
447 475 562 521 omnes
596 458 718 519 habeat
751 460 823 521 illas
859 461 1065 523 conditiones
1100 479 1170 540 quae
1192 482 1239 526 re-

236 542 410 620 quiruntur
424 539 466 601 ad
483 539 704 600 testimonium
717 541 909 614 humanum,
926 544 963 601 ut
977 542 1110 604 omnino
1122 549 1241 606 certum

237 628 271 684 ct
283 623 372 681 omni
388 621 584 696 exceptione
599 619 706 697 majus
719 619 847 682 evadat.

277 700 416 775 Quando
452 716 494 760 ex
528 700 778 761 circumstantiis
801 706 926 761 constat
940 703 1040 760 testes
1055 717 1122 764 non
1146 701 1243 765 fuisse

236 784 382 855 deceptos
396 796 507 858 neque
522 781 714 854 deceptores,
729 779 871 849 narratio
896 777 973 840 tacu
995 780 1168 845 incolumis
1188 800 1244 845 seu

236 863 365 938 integra
381 859 422 920 ad
433 875 495 920 nos
506 859 665 934 pervenit.
1135 905 1138 910 .

277 941 347 1000 218.
360 971 399 981 -
412 941 453 1001 Ut
467 937 594 1001 traditio
609 938 723 998 haberi
738 939 841 1016 possit
856 943 1011 1015 tanquam
1034 937 1109 1001 fons
1133 943 1241 1021 cogni-

194 1052 195 1057 1
238 1018 335 1079 tionis
350 1024 456 1091 certa,
474 1019 634 1098 quasdam
648 1017 709 1079 sibi
732 1018 897 1079 vindicare
915 1017 1016 1078 debet
1040 1019 1243 1082 conditiones

236 1109 308 1178 qun
323 1115 456 1159 omnem
470 1098 678 1160 formidinem
695 1102 813 1159 erroris
828 1103 1022 1158 removeant
1039 1118 1046 1158 :

279 1181 301 1240 t.
323 1179 369 1238 Ex
382 1187 474 1255 parte
489 1179 671 1238 traditionis
690 1179 792 1254 cpstns
804 1177 980 1256 requiritur
1002 1185 1039 1240 ut
1061 1181 1103 1239 sit
1127 1181 1244 1258 ampla,

236 1255 406 1320 uniformis
422 1263 455 1318 et
472 1265 637 1319 constans.

279 1341 308 1400 1⁰
322 1339 449 1412 Amptn.
479 1339 596 1414 Ampla
625 1336 686 1397 erit
713 1337 740 1396 si
767 1336 917 1412 pluribus
946 1351 1079 1412 semper
1109 1339 1244 1400 testibus

238 1419 398 1480 coaluerit
413 1417 469 1494 qui
485 1431 659 1478 commune
674 1417 885 1485 mendacium
899 1417 1020 1494 pacisci
1042 1432 1111 1478 non
1129 1425 1243 1496 potue·

236 1503 323 1559 runt.
343 1497 439 1556 Porro
456 1499 483 1558 si
499 1500 550 1557 est
564 1495 745 1568 diversitas,
768 1497 833 1558 imo
852 1497 1013 1573 oppositio
1028 1499 1116 1558 inter
1134 1504 1243 1572 testes,

236 1582 263 1640 si
277 1578 403 1638 nullum
420 1577 652 1638 commercium
666 1575 752 1636 inter
762 1593 798 1637 se
810 1577 1013 1650 habuerunt,
1024 1575 1154 1639 foedere
1168 1579 1246 1640 inter

237 1673 274 1719 se
310 1663 397 1717 certo
434 1672 501 1716 non
536 1656 784 1735 adstringuntur
820 1660 856 1716 ut
893 1654 1099 1718 uniformiter
1130 1661 1243 1720 menti·

237 1742 345 1800 antur.
381 1735 539 1796 Praeterea
568 1751 610 1797 eu
641 1735 856 1812 amplitudine
884 1735 1064 1797 traditionis
1091 1740 1245 1800 constabit

239 1817 337 1878 etiam
360 1815 402 1875 de
427 1816 562 1875 veritate
578 1817 772 1895 cognitionis
800 1832 898 1893 quam
929 1821 1030 1878 testes
1053 1817 1179 1879 habent
1208 1818 1243 1880 de

237 1896 343 1969 iacto;
369 1895 570 1968 impossibile
597 1896 683 1957 enim
714 1900 764 1956 cst
797 1899 834 1956 ut
866 1897 960 1959 multi
994 1901 1097 1957 testes
1130 1898 1243 1959 eodem

141 2022 144 2027 .
237 1975 338 2036 modo
354 1979 533 2050 mutentur,
551 1982 607 2036 aut
619 1991 720 2053 prave
736 1975 871 2055 audiant
884 1977 1104 2037 narrationem
1119 1981 1244 2042 testium

239 2056 456 2118 oculatorum.

279 2137 312 2196 2⁰
339 2136 523 2211 Unrlfornn's.
548 2132 769 2208 Uniformitas,
793 2131 911 2196 saitem
936 2136 1045 2212 quoad
1071 2134 1149 2198 facti
1171 2136 1243 2198 sub·

241 2216 391 2279 stantiam
408 2220 441 2273 et
455 2215 617 2291 praecipua
631 2214 798 2293 adjuncta,
825 2216 944 2292 probat
971 2217 1108 2292 primam
1136 2219 1242 2296 cogni·

242 2301 366 2360 tionem
401 2309 476 2354 esse
509 2309 633 2366 ceram,
677 2297 823 2396 ejusque¹
855 2297 1133 2357 transmissionem
1177 2312 1244 2358 esse

239 2379 412 2440 sinceram.

279 2456 349 2514 Hac
364 2450 567 2514 uniformitas
580 2452 767 2528 requiritur,
782 2453 891 2512 nonin
906 2467 971 2513 uno
987 2460 1137 2531 tempore
1152 2457 1244 2533 parti·

241 2534 352 2605 culari,
370 2531 478 2593 sedin
493 2532 645 2592 omnibus
662 2532 879 2607 temporibus;
895 2532 986 2594 unde
1004 2535 1133 2598 traditio

281 2617 314 2677 3⁰
329 2614 437 2674 Debet
451 2627 525 2670 esse
541 2617 711 2672 constans:
726 2612 753 2671 si
769 2612 857 2672 enim
872 2620 960 2674 esset
973 2614 1178 2693 interruptim
1200 2616 1241 2676 ita

241 2701 278 2756 ut
301 2695 409 2770 aliquo
434 2697 584 2766 tempore
608 2692 641 2751 in
665 2691 801 2751 nihilum
826 2691 931 2767 abeat,
958 2701 990 2754 ct
1015 2703 1131 2772 postea
1155 2711 1243 2755 resu-

243 2779 361 2845 matur,
399 2785 466 2832 non
497 2772 637 2846 amplius
675 2771 875 2831 haberemus
910 2774 1140 2836 certitudinem
1171 2772 1242 2835 facti

245 2851 400 2923 enarrati;
437 2849 571 2928 regredi
603 2867 671 2910 non
704 2867 876 2926 possemus
911 2852 953 2913 ad
987 2855 1096 2934 ipsum
1127 2853 1243 2916 fontem

245 2932 436 3004 traditionis,
457 2946 579 3006 nempe
593 2929 637 2990 ad
651 2934 752 2990 testes
769 2932 926 2993 oculatos.

287 3015 323 3074 ll.
346 3012 392 3071 Ex
403 3016 500 3086 porte
516 3012 601 3086 facti
624 3009 802 3087 requiritur
825 3015 862 3071 ut
885 3011 1011 3075 traditio
1037 3015 1078 3076 sit
1104 3014 1243 3085 t'tlnstrt's,

244 3105 366 3167 nempe
381 3095 419 3152 ut
433 3091 504 3166 eius
520 3089 688 3168 objectum
714 3089 883 3166 publicum
908 3094 948 3152 sit
972 3097 1006 3154 et
1019 3095 1190 3167 notorium,
1204 3094 1244 3154 ita

244 3177 281 3234 ut
294 3171 337 3233 ad
351 3172 566 3232 attentionem
579 3168 722 3247 plurium
737 3168 943 3232 excitandam
961 3172 1096 3249 polleat,
1112 3179 1147 3236 et
1157 3191 1244 3252 prop·

246 3258 339 3313 terea
353 3250 529 3327 apluribus
543 3265 678 3326 semper
692 3250 847 3328 cognosci
862 3253 1015 3326 potuerit.

286 3331 357 3393 219.
375 3329 568 3390 -Traditio
585 3331 734 3390 Ecclesia
750 3345 865 3391 omnes
886 3331 962 3392 has
982 3331 1076 3395 dotes
1110 3333 1169 3394 sibi
1181 3333 1242 3394 vin-

247 3410 346 3481 dicat,
362 3425 401 3472 ac
425 3407 564 3485 proinde
589 3424 653 3484 prae
678 3423 714 3470 sc
739 3405 802 3470 fert
826 3410 1030 3474 characteres
1054 3413 1243 3474 certitudinis

245 3491 395 3553 humana
421 3507 429 3549 z
454 3487 654 3565 amplissima
679 3503 812 3565 semper
834 3488 906 3564 fuit,
932 3507 1053 3570 nempe
1074 3493 1242 3554 innumeris

248 3585 382 3645 semper
396 3568 535 3630 testibus
551 3573 701 3629 constare
725 3569 795 3630 visa
824 3575 883 3642 est,
911 3587 1051 3648 quorum
1064 3574 1158 3634 multi
1170 3576 1243 3634 inter

248 3666 286 3713 se
296 3649 421 3712 nullam
431 3646 759 3711 communicationem
768 3649 964 3713 habuerunt.
977 3653 1203 3715 Estuniformis
1214 3657 1242 3716 et
