<?xml version="1.0" encoding="UTF-8"?>
<!DOCTYPE html PUBLIC "-//W3C//DTD XHTML 1.0 Transitional//EN"
    "http://www.w3.org/TR/xhtml1/DTD/xhtml1-transitional.dtd">
<html xmlns="http://www.w3.org/1999/xhtml" xml:lang="en" lang="en">
 <head>
  <title>
</title>
<meta http-equiv="Content-Type" content="text/html;charset=utf-8" />
  <meta name='ocr-system' content='tesseract 3.04.00' />
  <meta name='ocr-capabilities' content='ocr_page ocr_carea ocr_par ocr_line ocrx_word'/>
</head>
<body>
  <div class='ocr_page' id='page_1' title='image "./brevariumphilos01grangoog_0065.png"; bbox 0 0 2650 4242; ppageno 0'>
   <div class='ocr_carea' id='block_1_1' title="bbox 485 301 737 346">
    <p class='ocr_par' dir='ltr' id='par_1_1' title="bbox 485 301 737 346">
     <span class='ocr_line' id='line_1_1' title="bbox 485 301 737 346; baseline 0.004 -2"><span class='ocrx_word' id='word_1_1' title='bbox 485 302 600 345; x_wconf 69' lang='lat' dir='ltr'>tentem</span> <span class='ocrx_word' id='word_1_2' title='bbox 620 301 694 345; x_wconf 76' lang='lat' dir='ltr'>PARS</span> <span class='ocrx_word' id='word_1_3' title='bbox 716 305 737 346; x_wconf 85' lang='lat' dir='ltr'>l.</span> 
     </span>
    </p>
   </div>
   <div class='ocr_carea' id='block_1_2' title="bbox 477 473 752 551">
    <p class='ocr_par' dir='ltr' id='par_1_2' title="bbox 477 473 752 551">
     <span class='ocr_line' id='line_1_2' title="bbox 477 473 752 551; baseline 0.015 -4"><span class='ocrx_word' id='word_1_4' title='bbox 477 473 693 550; x_wconf 73' lang='lat' dir='ltr'>narremus</span> <span class='ocrx_word' id='word_1_5' title='bbox 714 487 752 551; x_wconf 80' lang='lat'>11.</span> 
     </span>
    </p>
   </div>
   <div class='ocr_carea' id='block_1_3' title="bbox 335 645 893 722">
    <p class='ocr_par' dir='ltr' id='par_1_3' title="bbox 335 645 893 722">
     <span class='ocr_line' id='line_1_3' title="bbox 335 645 893 722; baseline 0 -15"><span class='ocrx_word' id='word_1_6' title='bbox 335 649 381 707; x_wconf 90' lang='lat' dir='ltr'>De</span> <span class='ocrx_word' id='word_1_7' title='bbox 395 645 518 722; x_wconf 78' lang='lat' dir='ltr'>lepidos</span> <span class='ocrx_word' id='word_1_8' title='bbox 530 645 713 721; x_wconf 70' lang='lat' dir='ltr'>sylloqtsntt</span> <span class='ocrx_word' id='word_1_9' title='bbox 724 645 893 722; x_wconf 80' lang='lat' dir='ltr'>simplicis.</span> 
     </span>
    </p>
   </div>
   <div class='ocr_carea' id='block_1_4' title="bbox 89 811 1187 3778">
    <p class='ocr_par' dir='ltr' id='par_1_4' title="bbox 95 811 1124 1194">
     <span class='ocr_line' id='line_1_4' title="bbox 138 811 1124 891; baseline -0.002 -17"><span class='ocrx_word' id='word_1_10' title='bbox 138 813 192 874; x_wconf 90' lang='lat'>70.</span> <span class='ocrx_word' id='word_1_11' title='bbox 210 846 248 854; x_wconf 96' lang='lat'><em>-</em></span> <span class='ocrx_word' id='word_1_12' title='bbox 264 811 445 885; x_wconf 72' lang='lat' dir='ltr'>Dialectici,</span> <span class='ocrx_word' id='word_1_13' title='bbox 462 811 540 873; x_wconf 92' lang='lat' dir='ltr'>dum</span> <span class='ocrx_word' id='word_1_14' title='bbox 554 813 648 890; x_wconf 90' lang='lat' dir='ltr'>leges</span> <span class='ocrx_word' id='word_1_15' title='bbox 663 811 847 891; x_wconf 83' lang='lat' dir='ltr'>syllogismi</span> <span class='ocrx_word' id='word_1_16' title='bbox 860 813 1032 889; x_wconf 87' lang='lat' dir='ltr'>rimantur,</span> <span class='ocrx_word' id='word_1_17' title='bbox 1046 827 1124 874; x_wconf 93' lang='lat' dir='ltr'>con-</span> 
     </span>
     <span class='ocr_line' id='line_1_5' title="bbox 95 892 1123 969; baseline 0.001 -15"><span class='ocrx_word' id='word_1_18' title='bbox 95 892 250 956; x_wconf 90' lang='lat' dir='ltr'>siderant</span> <span class='ocrx_word' id='word_1_19' title='bbox 263 893 455 968; x_wconf 88' lang='lat' dir='ltr'>simpliciter</span> <span class='ocrx_word' id='word_1_20' title='bbox 470 895 711 953; x_wconf 83' lang='lat' dir='ltr'>connexionem</span> <span class='ocrx_word' id='word_1_21' title='bbox 735 892 881 953; x_wconf 85' lang='lat' dir='ltr'>materiae</span> <span class='ocrx_word' id='word_1_22' title='bbox 906 893 1067 969; x_wconf 83' lang='lat' dir='ltr'>proximae</span> <span class='ocrx_word' id='word_1_23' title='bbox 1088 897 1123 955; x_wconf 91' lang='lat' dir='ltr'>et</span> 
     </span>
     <span class='ocr_line' id='line_1_6' title="bbox 95 972 1124 1048; baseline 0.002 -16"><span class='ocrx_word' id='word_1_24' title='bbox 95 973 249 1034; x_wconf 89' lang='lat' dir='ltr'>materiae</span> <span class='ocrx_word' id='word_1_25' title='bbox 261 987 352 1032; x_wconf 91' lang='lat' dir='ltr'>remo</span> <span class='ocrx_word' id='word_1_26' title='bbox 358 976 398 1032; x_wconf 87' lang='lat' dir='ltr'>tae</span> <span class='ocrx_word' id='word_1_27' title='bbox 404 983 415 1047; x_wconf 66' lang='lat'>,⁴</span> <span class='ocrx_word' id='word_1_28' title='bbox 427 988 488 1034; x_wconf 92' lang='lat' dir='ltr'>seu</span> <span class='ocrx_word' id='word_1_29' title='bbox 503 977 651 1048; x_wconf 84' lang='lat' dir='ltr'>quaerunt</span> <span class='ocrx_word' id='word_1_30' title='bbox 665 977 777 1033; x_wconf 91' lang='lat' dir='ltr'>utrum</span> <span class='ocrx_word' id='word_1_31' title='bbox 790 972 864 1034; x_wconf 87' lang='lat' dir='ltr'>haec</span> <span class='ocrx_word' id='word_1_32' title='bbox 880 972 1045 1034; x_wconf 86' lang='lat' dir='ltr'>elementa</span> <span class='ocrx_word' id='word_1_33' title='bbox 1055 973 1124 1034; x_wconf 91' lang='lat' dir='ltr'>sint</span> 
     </span>
     <span class='ocr_line' id='line_1_7' title="bbox 96 1050 1121 1131; baseline -0.003 -15"><span class='ocrx_word' id='word_1_34' title='bbox 96 1057 180 1131; x_wconf 91' lang='lat' dir='ltr'>apta</span> <span class='ocrx_word' id='word_1_35' title='bbox 195 1053 237 1113; x_wconf 89' lang='lat' dir='ltr'>ad</span> <span class='ocrx_word' id='word_1_36' title='bbox 257 1050 401 1112; x_wconf 89' lang='lat' dir='ltr'>dandam</span> <span class='ocrx_word' id='word_1_37' title='bbox 425 1053 683 1128; x_wconf 87' lang='lat' dir='ltr'>conclusionem,</span> <span class='ocrx_word' id='word_1_38' title='bbox 700 1068 822 1131; x_wconf 89' lang='lat' dir='ltr'>nempe</span> <span class='ocrx_word' id='word_1_39' title='bbox 837 1051 880 1113; x_wconf 92' lang='lat' dir='ltr'>ad</span> <span class='ocrx_word' id='word_1_40' title='bbox 894 1051 1121 1131; x_wconf 82' lang='lat' dir='ltr'>recipiendam</span> 
     </span>
     <span class='ocr_line' id='line_1_8' title="bbox 96 1131 425 1194; baseline -0.012 0"><span class='ocrx_word' id='word_1_41' title='bbox 96 1132 242 1194; x_wconf 85' lang='lat' dir='ltr'>formam</span> <span class='ocrx_word' id='word_1_42' title='bbox 255 1131 425 1193; x_wconf 73' lang='lat' dir='ltr'>ratiocinii.</span> 
     </span>
    </p>

    <p class='ocr_par' dir='ltr' id='par_1_5' title="bbox 92 1210 1121 1852">
     <span class='ocr_line' id='line_1_9' title="bbox 142 1210 1118 1289; baseline 0 -16"><span class='ocrx_word' id='word_1_43' title='bbox 142 1213 269 1274; x_wconf 87' lang='lat' dir='ltr'>Veritas</span> <span class='ocrx_word' id='word_1_44' title='bbox 285 1216 342 1272; x_wconf 93' lang='lat' dir='ltr'>aut</span> <span class='ocrx_word' id='word_1_45' title='bbox 356 1210 480 1274; x_wconf 85' lang='lat' dir='ltr'>falsitas</span> <span class='ocrx_word' id='word_1_46' title='bbox 494 1211 760 1289; x_wconf 88' lang='lat' dir='ltr'>propositionum</span> <span class='ocrx_word' id='word_1_47' title='bbox 774 1227 841 1273; x_wconf 93' lang='lat' dir='ltr'>non</span> <span class='ocrx_word' id='word_1_48' title='bbox 856 1212 995 1289; x_wconf 89' lang='lat' dir='ltr'>praecise</span> <span class='ocrx_word' id='word_1_49' title='bbox 1011 1213 1118 1274; x_wconf 89' lang='lat' dir='ltr'>eonsi-</span> 
     </span>
     <span class='ocr_line' id='line_1_10' title="bbox 96 1291 1118 1369; baseline 0 -16"><span class='ocrx_word' id='word_1_50' title='bbox 96 1291 237 1354; x_wconf 84' lang='lat' dir='ltr'>deratur</span> <span class='ocrx_word' id='word_1_51' title='bbox 251 1295 285 1353; x_wconf 93' lang='lat' dir='ltr'>in</span> <span class='ocrx_word' id='word_1_52' title='bbox 300 1291 482 1361; x_wconf 80' lang='lat' dir='ltr'>dialectica,</span> <span class='ocrx_word' id='word_1_53' title='bbox 500 1307 575 1369; x_wconf 88' lang='lat' dir='ltr'>quae</span> <span class='ocrx_word' id='word_1_54' title='bbox 590 1292 680 1352; x_wconf 89' lang='lat' dir='ltr'>haud</span> <span class='ocrx_word' id='word_1_55' title='bbox 697 1293 815 1368; x_wconf 88' lang='lat' dir='ltr'>quaerit</span> <span class='ocrx_word' id='word_1_56' title='bbox 834 1298 944 1353; x_wconf 89' lang='lat' dir='ltr'>utrum</span> <span class='ocrx_word' id='word_1_57' title='bbox 968 1293 1118 1369; x_wconf 92' lang='lat' dir='ltr'>proposi-</span> 
     </span>
     <span class='ocr_line' id='line_1_11' title="bbox 95 1370 1121 1449; baseline 0.001 -16"><span class='ocrx_word' id='word_1_58' title='bbox 95 1373 208 1434; x_wconf 83' lang='lat' dir='ltr'>tiones</span> <span class='ocrx_word' id='word_1_59' title='bbox 233 1377 416 1433; x_wconf 89' lang='lat' dir='ltr'>eonsonent</span> <span class='ocrx_word' id='word_1_60' title='bbox 438 1372 539 1432; x_wconf 86' lang='lat' dir='ltr'>rebus</span> <span class='ocrx_word' id='word_1_61' title='bbox 564 1375 730 1449; x_wconf 80' lang='lat' dir='ltr'>expressis</span> <span class='ocrx_word' id='word_1_62' title='bbox 745 1388 875 1446; x_wconf 90' lang='lat' dir='ltr'>necne;</span> <span class='ocrx_word' id='word_1_63' title='bbox 891 1370 950 1433; x_wconf 91' lang='lat' dir='ltr'>sed</span> <span class='ocrx_word' id='word_1_64' title='bbox 976 1373 1121 1448; x_wconf 90' lang='lat' dir='ltr'>pensitat</span> 
     </span>
     <span class='ocr_line' id='line_1_12' title="bbox 95 1451 1119 1524; baseline 0 -10"><span class='ocrx_word' id='word_1_65' title='bbox 95 1455 329 1514; x_wconf 88' lang='lat' dir='ltr'>tantummodo</span> <span class='ocrx_word' id='word_1_66' title='bbox 345 1467 387 1512; x_wconf 90' lang='lat' dir='ltr'>an</span> <span class='ocrx_word' id='word_1_67' title='bbox 402 1456 552 1512; x_wconf 90' lang='lat' dir='ltr'>servetur</span> <span class='ocrx_word' id='word_1_68' title='bbox 564 1451 721 1514; x_wconf 72' lang='lat' dir='ltr'>identitas</span> <span class='ocrx_word' id='word_1_69' title='bbox 735 1451 962 1524; x_wconf 86' lang='lat' dir='ltr'>terminorum,</span> <span class='ocrx_word' id='word_1_70' title='bbox 979 1452 1059 1512; x_wconf 90' lang='lat' dir='ltr'>dum</span> <span class='ocrx_word' id='word_1_71' title='bbox 1079 1469 1119 1514; x_wconf 84' lang='lat' dir='ltr'>ex</span> 
     </span>
     <span class='ocr_line' id='line_1_13' title="bbox 93 1530 1116 1611; baseline -0.004 -15"><span class='ocrx_word' id='word_1_72' title='bbox 93 1549 165 1596; x_wconf 88' lang='lat' dir='ltr'>una</span> <span class='ocrx_word' id='word_1_73' title='bbox 178 1533 406 1611; x_wconf 90' lang='lat' dir='ltr'>propositione</span> <span class='ocrx_word' id='word_1_74' title='bbox 421 1532 455 1592; x_wconf 92' lang='lat' dir='ltr'>in</span> <span class='ocrx_word' id='word_1_75' title='bbox 469 1532 566 1593; x_wconf 90' lang='lat' dir='ltr'>aliam</span> <span class='ocrx_word' id='word_1_76' title='bbox 580 1532 613 1592; x_wconf 93' lang='lat' dir='ltr'>hi</span> <span class='ocrx_word' id='word_1_77' title='bbox 629 1530 881 1593; x_wconf 89' lang='lat' dir='ltr'>transferuntur.</span> <span class='ocrx_word' id='word_1_78' title='bbox 899 1532 1002 1610; x_wconf 88' lang='lat' dir='ltr'>igitur</span> <span class='ocrx_word' id='word_1_79' title='bbox 1016 1548 1116 1610; x_wconf 87' lang='lat' dir='ltr'>regu-</span> 
     </span>
     <span class='ocr_line' id='line_1_14' title="bbox 92 1612 1119 1692; baseline 0.001 -18"><span class='ocrx_word' id='word_1_80' title='bbox 92 1614 134 1674; x_wconf 86' lang='lat' dir='ltr'>1ae</span> <span class='ocrx_word' id='word_1_81' title='bbox 149 1614 333 1692; x_wconf 86' lang='lat' dir='ltr'>syllogismi</span> <span class='ocrx_word' id='word_1_82' title='bbox 346 1613 538 1689; x_wconf 85' lang='lat' dir='ltr'>simpliciter</span> <span class='ocrx_word' id='word_1_83' title='bbox 551 1617 724 1673; x_wconf 86' lang='lat' dir='ltr'>versantur</span> <span class='ocrx_word' id='word_1_84' title='bbox 739 1613 824 1673; x_wconf 92' lang='lat' dir='ltr'>circa</span> <span class='ocrx_word' id='word_1_85' title='bbox 837 1612 923 1673; x_wconf 87' lang='lat' dir='ltr'>hanc</span> <span class='ocrx_word' id='word_1_86' title='bbox 937 1613 1039 1674; x_wconf 90' lang='lat' dir='ltr'>veluti</span> <span class='ocrx_word' id='word_1_87' title='bbox 1051 1627 1119 1675; x_wconf 92' lang='lat' dir='ltr'>ma-</span> 
     </span>
     <span class='ocr_line' id='line_1_15' title="bbox 94 1692 1119 1755; baseline 0 -2"><span class='ocrx_word' id='word_1_88' title='bbox 94 1694 249 1755; x_wconf 89' lang='lat' dir='ltr'>terialem</span> <span class='ocrx_word' id='word_1_89' title='bbox 263 1709 324 1754; x_wconf 91' lang='lat' dir='ltr'>seu</span> <span class='ocrx_word' id='word_1_90' title='bbox 337 1692 562 1754; x_wconf 83' lang='lat' dir='ltr'>mechanicam</span> <span class='ocrx_word' id='word_1_91' title='bbox 578 1695 887 1754; x_wconf 83' lang='lat' dir='ltr'>concatenationem</span> <span class='ocrx_word' id='word_1_92' title='bbox 902 1695 1119 1754; x_wconf 85' lang='lat' dir='ltr'>terminorum</span> 
     </span>
     <span class='ocr_line' id='line_1_16' title="bbox 95 1769 976 1852; baseline -0.002 -18"><span class='ocrx_word' id='word_1_93' title='bbox 95 1779 131 1836; x_wconf 90' lang='lat' dir='ltr'>et</span> <span class='ocrx_word' id='word_1_94' title='bbox 146 1774 421 1851; x_wconf 90' lang='lat' dir='ltr'>propositionum,</span> <span class='ocrx_word' id='word_1_95' title='bbox 437 1787 512 1849; x_wconf 89' lang='lat' dir='ltr'>quae</span> <span class='ocrx_word' id='word_1_96' title='bbox 529 1772 649 1834; x_wconf 90' lang='lat' dir='ltr'>dieitur</span> <span class='ocrx_word' id='word_1_97' title='bbox 662 1769 768 1833; x_wconf 83' lang='lat' dir='ltr'>forma</span> <span class='ocrx_word' id='word_1_98' title='bbox 781 1771 976 1852; x_wconf 82' lang='lat' dir='ltr'>syllogismi.</span> 
     </span>
    </p>

    <p class='ocr_par' dir='ltr' id='par_1_6' title="bbox 89 1851 1187 2557">
     <span class='ocr_line' id='line_1_17' title="bbox 136 1851 1116 1932; baseline -0.003 -16"><span class='ocrx_word' id='word_1_99' title='bbox 136 1857 189 1916; x_wconf 88' lang='lat'>71.</span> <span class='ocrx_word' id='word_1_100' title='bbox 207 1889 246 1898; x_wconf 88' lang='lat'>-</span> <span class='ocrx_word' id='word_1_101' title='bbox 258 1856 339 1917; x_wconf 89' lang='lat' dir='ltr'>Tota</span> <span class='ocrx_word' id='word_1_102' title='bbox 354 1853 426 1913; x_wconf 87' lang='lat' dir='ltr'>haec</span> <span class='ocrx_word' id='word_1_103' title='bbox 440 1853 622 1932; x_wconf 89' lang='lat' dir='ltr'>syllogismi</span> <span class='ocrx_word' id='word_1_104' title='bbox 637 1853 800 1930; x_wconf 88' lang='lat' dir='ltr'>legislatio</span> <span class='ocrx_word' id='word_1_105' title='bbox 824 1851 867 1914; x_wconf 91' lang='lat' dir='ltr'>ad</span> <span class='ocrx_word' id='word_1_106' title='bbox 892 1857 966 1914; x_wconf 90' lang='lat' dir='ltr'>octo</span> <span class='ocrx_word' id='word_1_107' title='bbox 982 1853 1116 1930; x_wconf 90' lang='lat' dir='ltr'>regulas</span> 
     </span>
     <span class='ocr_line' id='line_1_18' title="bbox 92 1932 1114 2011; baseline 0 -17"><span class='ocrx_word' id='word_1_108' title='bbox 92 1934 245 1996; x_wconf 90' lang='lat' dir='ltr'>revocari</span> <span class='ocrx_word' id='word_1_109' title='bbox 257 1937 357 2005; x_wconf 89' lang='lat' dir='ltr'>solet;</span> <span class='ocrx_word' id='word_1_110' title='bbox 372 1934 444 1993; x_wconf 89' lang='lat' dir='ltr'>istae</span> <span class='ocrx_word' id='word_1_111' title='bbox 460 1935 598 2010; x_wconf 88' lang='lat' dir='ltr'>regulae,</span> <span class='ocrx_word' id='word_1_112' title='bbox 611 1948 693 2011; x_wconf 88' lang='lat' dir='ltr'>quas</span> <span class='ocrx_word' id='word_1_113' title='bbox 705 1932 902 2010; x_wconf 85' lang='lat' dir='ltr'>excogitavit</span> <span class='ocrx_word' id='word_1_114' title='bbox 911 1933 1114 2008; x_wconf 89' lang='lat' dir='ltr'>Aristoteles,</span> 
     </span>
     <span class='ocr_line' id='line_1_19' title="bbox 93 2012 1113 2091; baseline 0 -17"><span class='ocrx_word' id='word_1_115' title='bbox 93 2012 264 2076; x_wconf 85' lang='lat' dir='ltr'>sufficiunt</span> <span class='ocrx_word' id='word_1_116' title='bbox 284 2015 326 2076; x_wconf 91' lang='lat' dir='ltr'>ad</span> <span class='ocrx_word' id='word_1_117' title='bbox 343 2013 562 2091; x_wconf 74' lang='lat' dir='ltr'>praecavenda</span> <span class='ocrx_word' id='word_1_118' title='bbox 583 2015 694 2074; x_wconf 91' lang='lat' dir='ltr'>omnia</span> <span class='ocrx_word' id='word_1_119' title='bbox 712 2013 924 2091; x_wconf 91' lang='lat' dir='ltr'>sophismata.</span> <span class='ocrx_word' id='word_1_120' title='bbox 941 2015 1113 2074; x_wconf 85' lang='lat' dir='ltr'>Verumta-</span> 
     </span>
     <span class='ocr_line' id='line_1_20' title="bbox 91 2093 1112 2170; baseline 0 -15"><span class='ocrx_word' id='word_1_121' title='bbox 91 2110 176 2156; x_wconf 92' lang='lat' dir='ltr'>men</span> <span class='ocrx_word' id='word_1_122' title='bbox 189 2099 354 2167; x_wconf 73' lang='lat' dir='ltr'>auctores</span> <span class='ocrx_word' id='word_1_123' title='bbox 374 2093 428 2154; x_wconf 91' lang='lat' dir='ltr'>alii</span> <span class='ocrx_word' id='word_1_124' title='bbox 443 2094 566 2170; x_wconf 90' lang='lat' dir='ltr'>plures,</span> <span class='ocrx_word' id='word_1_125' title='bbox 584 2094 639 2155; x_wconf 90' lang='lat' dir='ltr'>alii</span> <span class='ocrx_word' id='word_1_126' title='bbox 653 2094 829 2170; x_wconf 90' lang='lat' dir='ltr'>pauciores</span> <span class='ocrx_word' id='word_1_127' title='bbox 845 2098 1041 2155; x_wconf 88' lang='lat' dir='ltr'>enumerant</span> <span class='ocrx_word' id='word_1_128' title='bbox 1059 2109 1112 2155; x_wconf 92' lang='lat' dir='ltr'>re-</span> 
     </span>
     <span class='ocr_line' id='line_1_21' title="bbox 89 2172 1114 2254; baseline -0.001 -19"><span class='ocrx_word' id='word_1_129' title='bbox 89 2176 203 2254; x_wconf 80' lang='lat' dir='ltr'>gulas,</span> <span class='ocrx_word' id='word_1_130' title='bbox 220 2176 271 2236; x_wconf 89' lang='lat' dir='ltr'>Sic</span> <span class='ocrx_word' id='word_1_131' title='bbox 286 2177 320 2236; x_wconf 91' lang='lat' dir='ltr'>in</span> <span class='ocrx_word' id='word_1_132' title='bbox 333 2174 442 2252; x_wconf 87' lang='lat' dir='ltr'>logica</span> <span class='ocrx_word' id='word_1_133' title='bbox 454 2172 716 2252; x_wconf 87' lang='lat' dir='ltr'>Portus-Regalis</span> <span class='ocrx_word' id='word_1_134' title='bbox 731 2172 947 2252; x_wconf 78' lang='lat' dir='ltr'>(Pori-Royal)</span> <span class='ocrx_word' id='word_1_135' title='bbox 960 2191 1019 2234; x_wconf 88' lang='lat' dir='ltr'>sex</span> <span class='ocrx_word' id='word_1_136' title='bbox 1035 2189 1114 2234; x_wconf 91' lang='lat' dir='ltr'>enu-</span> 
     </span>
     <span class='ocr_line' id='line_1_22' title="bbox 90 2252 1112 2333; baseline 0 -18"><span class='ocrx_word' id='word_1_137' title='bbox 90 2259 265 2318; x_wconf 87' lang='lat' dir='ltr'>merantur</span> <span class='ocrx_word' id='word_1_138' title='bbox 275 2256 380 2333; x_wconf 79' lang='lat' dir='ltr'>legeS,</span> <span class='ocrx_word' id='word_1_139' title='bbox 395 2269 470 2331; x_wconf 85' lang='lat' dir='ltr'>quae</span> <span class='ocrx_word' id='word_1_140' title='bbox 486 2254 642 2315; x_wconf 88' lang='lat' dir='ltr'>etiamad</span> <span class='ocrx_word' id='word_1_141' title='bbox 659 2252 741 2314; x_wconf 90' lang='lat' dir='ltr'>duas</span> <span class='ocrx_word' id='word_1_142' title='bbox 756 2257 884 2315; x_wconf 88' lang='lat' dir='ltr'>tantum</span> <span class='ocrx_word' id='word_1_143' title='bbox 894 2253 1112 2329; x_wconf 91' lang='lat' dir='ltr'>reducuntur;</span> 
     </span>
     <span class='ocr_line' id='line_1_23' title="bbox 91 2332 1114 2412; baseline -0.001 -16"><span class='ocrx_word' id='word_1_144' title='bbox 91 2336 286 2396; x_wconf 90' lang='lat' dir='ltr'>Bossuetius</span> <span class='ocrx_word' id='word_1_145' title='bbox 302 2334 458 2396; x_wconf 89' lang='lat' dir='ltr'>eumdem</span> <span class='ocrx_word' id='word_1_146' title='bbox 471 2350 648 2395; x_wconf 89' lang='lat' dir='ltr'>numerum</span> <span class='ocrx_word' id='word_1_147' title='bbox 663 2333 855 2412; x_wconf 87' lang='lat' dir='ltr'>regularum</span> <span class='ocrx_word' id='word_1_148' title='bbox 870 2332 1015 2405; x_wconf 89' lang='lat' dir='ltr'>tradidit;</span> <span class='ocrx_word' id='word_1_149' title='bbox 1040 2339 1114 2395; x_wconf 90' lang='lat' dir='ltr'>tan-</span> 
     </span>
     <span class='ocr_line' id='line_1_24' title="bbox 93 2410 1187 2492; baseline -0.003 -16"><span class='ocrx_word' id='word_1_150' title='bbox 93 2415 174 2476; x_wconf 89' lang='lat' dir='ltr'>dem</span> <span class='ocrx_word' id='word_1_151' title='bbox 197 2415 338 2488; x_wconf 88' lang='lat' dir='ltr'>Goudin,</span> <span class='ocrx_word' id='word_1_152' title='bbox 355 2414 452 2475; x_wconf 88' lang='lat' dir='ltr'>simul</span> <span class='ocrx_word' id='word_1_153' title='bbox 476 2429 551 2475; x_wconf 92' lang='lat' dir='ltr'>cum</span> <span class='ocrx_word' id='word_1_154' title='bbox 575 2415 684 2488; x_wconf 83' lang='lat' dir='ltr'>Euler,</span> <span class='ocrx_word' id='word_1_155' title='bbox 707 2414 766 2474; x_wconf 88' lang='lat' dir='ltr'>has</span> <span class='ocrx_word' id='word_1_156' title='bbox 790 2414 885 2491; x_wconf 89' lang='lat' dir='ltr'>leges</span> <span class='ocrx_word' id='word_1_157' title='bbox 907 2412 950 2474; x_wconf 93' lang='lat' dir='ltr'>ad</span> <span class='ocrx_word' id='word_1_158' title='bbox 973 2418 1115 2492; x_wconf 82' lang='lat' dir='ltr'>quatuor</span> <span class='ocrx_word' id='word_1_159' title='bbox 1180 2410 1187 2424; x_wconf 86' lang='lat'><strong><em>‘</em></strong></span> 
     </span>
     <span class='ocr_line' id='line_1_25' title="bbox 94 2496 285 2557; baseline 0 -2"><span class='ocrx_word' id='word_1_160' title='bbox 94 2496 285 2557; x_wconf 88' lang='lat' dir='ltr'>coarctavit.</span> 
     </span>
    </p>

    <p class='ocr_par' dir='ltr' id='par_1_7' title="bbox 89 2571 1115 3778">
     <span class='ocr_line' id='line_1_26' title="bbox 134 2571 1114 2651; baseline -0.002 -15"><span class='ocrx_word' id='word_1_161' title='bbox 134 2574 202 2636; x_wconf 88' lang='lat' dir='ltr'>Sed</span> <span class='ocrx_word' id='word_1_162' title='bbox 216 2577 289 2637; x_wconf 88' lang='lat' dir='ltr'>haec</span> <span class='ocrx_word' id='word_1_163' title='bbox 304 2573 525 2651; x_wconf 89' lang='lat' dir='ltr'>discrepantia</span> <span class='ocrx_word' id='word_1_164' title='bbox 539 2573 636 2634; x_wconf 92' lang='lat' dir='ltr'>unice</span> <span class='ocrx_word' id='word_1_165' title='bbox 651 2573 804 2650; x_wconf 89' lang='lat' dir='ltr'>provenit</span> <span class='ocrx_word' id='word_1_166' title='bbox 818 2589 860 2634; x_wconf 85' lang='lat' dir='ltr'>ex</span> <span class='ocrx_word' id='word_1_167' title='bbox 874 2589 914 2634; x_wconf 91' lang='lat' dir='ltr'>eo</span> <span class='ocrx_word' id='word_1_168' title='bbox 930 2571 1021 2650; x_wconf 90' lang='lat' dir='ltr'>quod</span> <span class='ocrx_word' id='word_1_169' title='bbox 1036 2588 1114 2634; x_wconf 92' lang='lat' dir='ltr'>con-</span> 
     </span>
     <span class='ocr_line' id='line_1_27' title="bbox 94 2652 1110 2732; baseline -0.001 -18"><span class='ocrx_word' id='word_1_170' title='bbox 94 2653 243 2716; x_wconf 85' lang='lat' dir='ltr'>siderant</span> <span class='ocrx_word' id='word_1_171' title='bbox 256 2657 341 2716; x_wconf 88' lang='lat' dir='ltr'>hanc</span> <span class='ocrx_word' id='word_1_172' title='bbox 355 2669 427 2714; x_wconf 91' lang='lat' dir='ltr'>rem</span> <span class='ocrx_word' id='word_1_173' title='bbox 442 2653 497 2715; x_wconf 90' lang='lat' dir='ltr'>alii</span> <span class='ocrx_word' id='word_1_174' title='bbox 509 2653 609 2716; x_wconf 93' lang='lat' dir='ltr'>modo</span> <span class='ocrx_word' id='word_1_175' title='bbox 624 2653 837 2732; x_wconf 87' lang='lat' dir='ltr'>generaliori,</span> <span class='ocrx_word' id='word_1_176' title='bbox 852 2654 908 2715; x_wconf 92' lang='lat' dir='ltr'>alil</span> <span class='ocrx_word' id='word_1_177' title='bbox 920 2652 1019 2715; x_wconf 92' lang='lat' dir='ltr'>modo</span> <span class='ocrx_word' id='word_1_178' title='bbox 1034 2668 1110 2730; x_wconf 91' lang='lat' dir='ltr'>spe-</span> 
     </span>
     <span class='ocr_line' id='line_1_28' title="bbox 94 2732 1110 2814; baseline 0.001 -21"><span class='ocrx_word' id='word_1_179' title='bbox 94 2733 234 2809; x_wconf 89' lang='lat' dir='ltr'>cialiori;</span> <span class='ocrx_word' id='word_1_180' title='bbox 251 2733 362 2814; x_wconf 90' lang='lat' dir='ltr'>quoad</span> <span class='ocrx_word' id='word_1_181' title='bbox 375 2734 424 2794; x_wconf 84' lang='lat' dir='ltr'>rei</span> <span class='ocrx_word' id='word_1_182' title='bbox 439 2735 667 2806; x_wconf 87' lang='lat' dir='ltr'>substantiam,</span> <span class='ocrx_word' id='word_1_183' title='bbox 680 2734 771 2794; x_wconf 89' lang='lat' dir='ltr'>nulla</span> <span class='ocrx_word' id='word_1_184' title='bbox 781 2749 917 2811; x_wconf 91' lang='lat' dir='ltr'>prorsus</span> <span class='ocrx_word' id='word_1_185' title='bbox 928 2732 1110 2794; x_wconf 88' lang='lat' dir='ltr'>diversitas.</span> 
     </span>
     <span class='ocr_line' id='line_1_29' title="bbox 89 2811 1111 2892; baseline -0.004 -16"><span class='ocrx_word' id='word_1_186' title='bbox 89 2813 221 2891; x_wconf 88' lang='lat' dir='ltr'>Reapse</span> <span class='ocrx_word' id='word_1_187' title='bbox 236 2817 333 2878; x_wconf 90' lang='lat' dir='ltr'>unica</span> <span class='ocrx_word' id='word_1_188' title='bbox 346 2811 416 2876; x_wconf 91' lang='lat' dir='ltr'>fere</span> <span class='ocrx_word' id='word_1_189' title='bbox 432 2815 619 2892; x_wconf 76' lang='lat' dir='ltr'>estregum,</span> <span class='ocrx_word' id='word_1_190' title='bbox 637 2828 712 2890; x_wconf 88' lang='lat' dir='ltr'>quae</span> <span class='ocrx_word' id='word_1_191' title='bbox 724 2818 863 2875; x_wconf 88' lang='lat' dir='ltr'>caeteras</span> <span class='ocrx_word' id='word_1_192' title='bbox 877 2828 994 2874; x_wconf 91' lang='lat' dir='ltr'>omnes</span> <span class='ocrx_word' id='word_1_193' title='bbox 1006 2814 1111 2874; x_wconf 90' lang='lat' dir='ltr'>inclu-</span> 
     </span>
     <span class='ocr_line' id='line_1_30' title="bbox 95 2894 1114 2972; baseline -0.002 -16"><span class='ocrx_word' id='word_1_194' title='bbox 95 2894 167 2958; x_wconf 90' lang='lat' dir='ltr'>dit:</span> <span class='ocrx_word' id='word_1_195' title='bbox 184 2897 295 2972; x_wconf 79' lang='lat' dir='ltr'>Major</span> <span class='ocrx_word' id='word_1_196' title='bbox 318 2895 552 2958; x_wconf 78' lang='lat' dir='ltr'>conclusionem</span> <span class='ocrx_word' id='word_1_197' title='bbox 576 2895 732 2969; x_wconf 76' lang='lat' dir='ltr'>implicite</span> <span class='ocrx_word' id='word_1_198' title='bbox 757 2898 928 2966; x_wconf 80' lang='lat' dir='ltr'>contineat,</span> <span class='ocrx_word' id='word_1_199' title='bbox 953 2897 983 2955; x_wconf 90' lang='lat' dir='ltr'>et</span> <span class='ocrx_word' id='word_1_200' title='bbox 1004 2895 1114 2954; x_wconf 81' lang='lat' dir='ltr'>minor</span> 
     </span>
     <span class='ocr_line' id='line_1_31' title="bbox 92 2973 1112 3049; baseline -0.003 -12"><span class='ocrx_word' id='word_1_201' title='bbox 92 2975 235 3038; x_wconf 83' lang='lat' dir='ltr'>declaret</span> <span class='ocrx_word' id='word_1_202' title='bbox 245 2979 330 3038; x_wconf 83' lang='lat' dir='ltr'>tnnc</span> <span class='ocrx_word' id='word_1_203' title='bbox 343 2974 577 3040; x_wconf 79' lang='lat' dir='ltr'>conclusionem</span> <span class='ocrx_word' id='word_1_204' title='bbox 593 2973 754 3034; x_wconf 79' lang='lat' dir='ltr'>contineri</span> <span class='ocrx_word' id='word_1_205' title='bbox 764 2975 799 3034; x_wconf 85' lang='lat' dir='ltr'>tn</span> <span class='ocrx_word' id='word_1_206' title='bbox 811 2974 950 3049; x_wconf 80' lang='lat' dir='ltr'>majore.</span> <span class='ocrx_word' id='word_1_207' title='bbox 968 2974 1044 3032; x_wconf 86' lang='lat' dir='ltr'>Haec</span> <span class='ocrx_word' id='word_1_208' title='bbox 1058 2989 1112 3034; x_wconf 91' lang='lat' dir='ltr'>re·</span> 
     </span>
     <span class='ocr_line' id='line_1_32' title="bbox 91 3052 1111 3135; baseline 0 -19"><span class='ocrx_word' id='word_1_209' title='bbox 91 3054 172 3131; x_wconf 86' lang='lat' dir='ltr'>gula</span> <span class='ocrx_word' id='word_1_210' title='bbox 188 3072 230 3116; x_wconf 82' lang='lat' dir='ltr'>ex</span> <span class='ocrx_word' id='word_1_211' title='bbox 243 3057 314 3135; x_wconf 88' lang='lat' dir='ltr'>ipsa</span> <span class='ocrx_word' id='word_1_212' title='bbox 328 3055 489 3117; x_wconf 88' lang='lat' dir='ltr'>ratiocinii</span> <span class='ocrx_word' id='word_1_213' title='bbox 502 3058 620 3114; x_wconf 89' lang='lat' dir='ltr'>natura</span> <span class='ocrx_word' id='word_1_214' title='bbox 636 3052 822 3115; x_wconf 90' lang='lat' dir='ltr'>deducitur.</span> <span class='ocrx_word' id='word_1_215' title='bbox 838 3052 968 3114; x_wconf 87' lang='lat' dir='ltr'>Etenim</span> <span class='ocrx_word' id='word_1_216' title='bbox 989 3067 1111 3129; x_wconf 89' lang='lat' dir='ltr'>propo·</span> 
     </span>
     <span class='ocr_line' id='line_1_33' title="bbox 91 3131 1110 3215; baseline -0.004 -17"><span class='ocrx_word' id='word_1_217' title='bbox 91 3135 166 3198; x_wconf 91' lang='lat' dir='ltr'>sitio</span> <span class='ocrx_word' id='word_1_218' title='bbox 181 3137 287 3215; x_wconf 86' lang='lat' dir='ltr'>major</span> <span class='ocrx_word' id='word_1_219' title='bbox 302 3135 441 3196; x_wconf 86' lang='lat' dir='ltr'>affirmat</span> <span class='ocrx_word' id='word_1_220' title='bbox 454 3135 650 3196; x_wconf 88' lang='lat' dir='ltr'>relationem</span> <span class='ocrx_word' id='word_1_221' title='bbox 663 3133 854 3206; x_wconf 75' lang='lat' dir='ltr'>identitatis</span> <span class='ocrx_word' id='word_1_222' title='bbox 870 3132 923 3195; x_wconf 86' lang='lat' dir='ltr'>vel</span> <span class='ocrx_word' id='word_1_223' title='bbox 938 3131 1110 3194; x_wconf 89' lang='lat' dir='ltr'>diversita-</span> 
     </span>
     <span class='ocr_line' id='line_1_34' title="bbox 92 3212 1115 3296; baseline -0.005 -19"><span class='ocrx_word' id='word_1_224' title='bbox 92 3215 134 3277; x_wconf 90' lang='lat' dir='ltr'>tis</span> <span class='ocrx_word' id='word_1_225' title='bbox 149 3217 236 3277; x_wconf 91' lang='lat' dir='ltr'>inter</span> <span class='ocrx_word' id='word_1_226' title='bbox 249 3217 356 3296; x_wconf 86' lang='lat' dir='ltr'>majus</span> <span class='ocrx_word' id='word_1_227' title='bbox 372 3219 557 3277; x_wconf 82' lang='lat' dir='ltr'>extremum</span> <span class='ocrx_word' id='word_1_228' title='bbox 581 3217 615 3274; x_wconf 92' lang='lat' dir='ltr'>et</span> <span class='ocrx_word' id='word_1_229' title='bbox 637 3214 786 3276; x_wconf 90' lang='lat' dir='ltr'>medium</span> <span class='ocrx_word' id='word_1_230' title='bbox 810 3212 1005 3284; x_wconf 91' lang='lat' dir='ltr'>terminum;</span> <span class='ocrx_word' id='word_1_231' title='bbox 1022 3212 1115 3274; x_wconf 90' lang='lat' dir='ltr'>unde.</span> 
     </span>
     <span class='ocr_line' id='line_1_35' title="bbox 90 3291 1113 3372; baseline -0.006 -14"><span class='ocrx_word' id='word_1_232' title='bbox 90 3295 249 3372; x_wconf 91' lang='lat' dir='ltr'>implicite</span> <span class='ocrx_word' id='word_1_233' title='bbox 266 3299 413 3359; x_wconf 89' lang='lat' dir='ltr'>continet</span> <span class='ocrx_word' id='word_1_234' title='bbox 437 3294 695 3367; x_wconf 90' lang='lat' dir='ltr'>conclusionem,</span> <span class='ocrx_word' id='word_1_235' title='bbox 712 3291 892 3354; x_wconf 91' lang='lat' dir='ltr'>dummodo</span> <span class='ocrx_word' id='word_1_236' title='bbox 914 3291 1047 3361; x_wconf 90' lang='lat' dir='ltr'>medius</span> <span class='ocrx_word' id='word_1_237' title='bbox 1070 3293 1113 3354; x_wconf 85' lang='lat' dir='ltr'>sit</span> 
     </span>
     <span class='ocr_line' id='line_1_36' title="bbox 90 3372 1111 3451; baseline -0.006 -13"><span class='ocrx_word' id='word_1_238' title='bbox 90 3376 257 3440; x_wconf 89' lang='lat' dir='ltr'>identicus</span> <span class='ocrx_word' id='word_1_239' title='bbox 273 3393 349 3437; x_wconf 91' lang='lat' dir='ltr'>cum</span> <span class='ocrx_word' id='word_1_240' title='bbox 362 3378 491 3438; x_wconf 90' lang='lat' dir='ltr'>minore</span> <span class='ocrx_word' id='word_1_241' title='bbox 506 3378 666 3449; x_wconf 83' lang='lat' dir='ltr'>extremo,</span> <span class='ocrx_word' id='word_1_242' title='bbox 682 3388 744 3434; x_wconf 91' lang='lat' dir='ltr'>seu</span> <span class='ocrx_word' id='word_1_243' title='bbox 758 3374 876 3436; x_wconf 91' lang='lat' dir='ltr'>melius</span> <span class='ocrx_word' id='word_1_244' title='bbox 890 3374 998 3451; x_wconf 89' lang='lat' dir='ltr'>ipsum</span> <span class='ocrx_word' id='word_1_245' title='bbox 1008 3372 1111 3434; x_wconf 90' lang='lat' dir='ltr'>inclu-</span> 
     </span>
     <span class='ocr_line' id='line_1_37' title="bbox 94 3452 1112 3530; baseline -0.004 -13"><span class='ocrx_word' id='word_1_246' title='bbox 94 3455 163 3518; x_wconf 92' lang='lat' dir='ltr'>dat.</span> <span class='ocrx_word' id='word_1_247' title='bbox 180 3458 256 3518; x_wconf 90' lang='lat' dir='ltr'>llaec</span> <span class='ocrx_word' id='word_1_248' title='bbox 271 3461 383 3518; x_wconf 91' lang='lat' dir='ltr'>autem</span> <span class='ocrx_word' id='word_1_249' title='bbox 393 3455 548 3518; x_wconf 88' lang='lat' dir='ltr'>identitas</span> <span class='ocrx_word' id='word_1_250' title='bbox 558 3453 738 3517; x_wconf 84' lang='lat' dir='ltr'>affirmatur</span> <span class='ocrx_word' id='word_1_251' title='bbox 747 3452 782 3514; x_wconf 91' lang='lat' dir='ltr'>in</span> <span class='ocrx_word' id='word_1_252' title='bbox 792 3453 931 3526; x_wconf 91' lang='lat' dir='ltr'>minore,</span> <span class='ocrx_word' id='word_1_253' title='bbox 942 3468 1017 3530; x_wconf 87' lang='lat' dir='ltr'>quae</span> <span class='ocrx_word' id='word_1_254' title='bbox 1032 3468 1112 3529; x_wconf 94' lang='lat' dir='ltr'>pro-</span> 
     </span>
     <span class='ocr_line' id='line_1_38' title="bbox 91 3532 1111 3612; baseline -0.006 -14"><span class='ocrx_word' id='word_1_255' title='bbox 91 3535 173 3598; x_wconf 90' lang='lat' dir='ltr'>inde</span> <span class='ocrx_word' id='word_1_256' title='bbox 189 3537 336 3598; x_wconf 90' lang='lat' dir='ltr'>declarat</span> <span class='ocrx_word' id='word_1_257' title='bbox 350 3537 597 3598; x_wconf 90' lang='lat' dir='ltr'>conclusionem</span> <span class='ocrx_word' id='word_1_258' title='bbox 617 3534 776 3595; x_wconf 87' lang='lat' dir='ltr'>contineri</span> <span class='ocrx_word' id='word_1_259' title='bbox 798 3536 832 3597; x_wconf 92' lang='lat' dir='ltr'>in</span> <span class='ocrx_word' id='word_1_260' title='bbox 856 3532 992 3612; x_wconf 74' lang='lat' dir='ltr'>menore.</span> <span class='ocrx_word' id='word_1_261' title='bbox 1008 3532 1111 3612; x_wconf 86' lang='lat' dir='ltr'>Major</span> 
     </span>
     <span class='ocr_line' id='line_1_39' title="bbox 93 3613 1110 3698; baseline -0.007 -18"><span class='ocrx_word' id='word_1_262' title='bbox 93 3632 176 3698; x_wconf 88' lang='lat' dir='ltr'>ergo</span> <span class='ocrx_word' id='word_1_263' title='bbox 193 3617 394 3679; x_wconf 88' lang='lat' dir='ltr'>considerari</span> <span class='ocrx_word' id='word_1_264' title='bbox 406 3620 516 3695; x_wconf 89' lang='lat' dir='ltr'>potest</span> <span class='ocrx_word' id='word_1_265' title='bbox 530 3621 688 3693; x_wconf 88' lang='lat' dir='ltr'>tanquam</span> <span class='ocrx_word' id='word_1_266' title='bbox 703 3613 886 3680; x_wconf 84' lang='lat' dir='ltr'>continens.</span> <span class='ocrx_word' id='word_1_267' title='bbox 901 3616 935 3673; x_wconf 89' lang='lat' dir='ltr'>et</span> <span class='ocrx_word' id='word_1_268' title='bbox 947 3613 1055 3674; x_wconf 91' lang='lat' dir='ltr'>minor</span> <span class='ocrx_word' id='word_1_269' title='bbox 1071 3616 1110 3673; x_wconf 89' lang='lat' dir='ltr'>ut</span> 
     </span>
     <span class='ocr_line' id='line_1_40' title="bbox 93 3692 1108 3778; baseline -0.008 -18"><span class='ocrx_word' id='word_1_270' title='bbox 93 3697 275 3778; x_wconf 87' lang='lat' dir='ltr'>applicans.</span> <span class='ocrx_word' id='word_1_271' title='bbox 288 3700 329 3760; x_wconf 87' lang='lat' dir='ltr'>At</span> <span class='ocrx_word' id='word_1_272' title='bbox 352 3696 469 3778; x_wconf 88' lang='lat' dir='ltr'>regula</span> <span class='ocrx_word' id='word_1_273' title='bbox 485 3697 571 3773; x_wconf 89' lang='lat' dir='ltr'>haec,</span> <span class='ocrx_word' id='word_1_274' title='bbox 586 3697 703 3774; x_wconf 87' lang='lat' dir='ltr'>utpote</span> <span class='ocrx_word' id='word_1_275' title='bbox 726 3693 822 3757; x_wconf 90' lang='lat' dir='ltr'>nimis</span> <span class='ocrx_word' id='word_1_276' title='bbox 846 3692 1024 3774; x_wconf 82' lang='lat' dir='ltr'>generalis,</span> <span class='ocrx_word' id='word_1_277' title='bbox 1039 3706 1108 3753; x_wconf 92' lang='lat' dir='ltr'>non</span> 
     </span>
    </p>
   </div>
   <div class='ocr_carea' id='block_1_5' title="bbox 0 0 1330 4242">
    <p class='ocr_par' dir='ltr' id='par_1_8' title="bbox 0 0 1330 4242">
     <span class='ocr_line' id='line_1_41' title="bbox 0 0 1330 4242; baseline 0 1"><span class='ocrx_word' id='word_1_278' title='bbox 0 0 1330 4242; x_wconf 95' lang='lat' dir='ltr'> </span> 
     </span>
    </p>
   </div>
  </div>
 </body>
</html>
