<?xml version="1.0" encoding="UTF-8"?>
<!DOCTYPE html PUBLIC "-//W3C//DTD XHTML 1.0 Transitional//EN"
    "http://www.w3.org/TR/xhtml1/DTD/xhtml1-transitional.dtd">
<html xmlns="http://www.w3.org/1999/xhtml" xml:lang="en" lang="en">
 <head>
  <title>
</title>
<meta http-equiv="Content-Type" content="text/html;charset=utf-8" />
  <meta name='ocr-system' content='tesseract 3.04.00' />
  <meta name='ocr-capabilities' content='ocr_page ocr_carea ocr_par ocr_line ocrx_word'/>
</head>
<body>
  <div class='ocr_page' id='page_1' title='image "./brevariumphilos01grangoog_0103.png"; bbox 0 0 2650 4242; ppageno 0'>
   <div class='ocr_carea' id='block_1_1' title="bbox 508 287 1171 356">
    <p class='ocr_par' dir='ltr' id='par_1_1' title="bbox 508 287 1171 356">
     <span class='ocr_line' id='line_1_1' title="bbox 508 287 1171 356; baseline 0.003 -3"><span class='ocrx_word' id='word_1_1' title='bbox 508 310 623 356; x_wconf 73' lang='lat' dir='ltr'>Locren</span> <span class='ocrx_word' id='word_1_2' title='bbox 643 311 716 355; x_wconf 78' lang='lat' dir='ltr'>nans</span> <span class='ocrx_word' id='word_1_3' title='bbox 737 313 757 354; x_wconf 92' lang='lat'>1.</span> <span class='ocrx_word' id='word_1_4' title='bbox 1104 287 1171 348; x_wconf 68' lang='lat'>85:</span> 
     </span>
    </p>
   </div>
   <div class='ocr_carea' id='block_1_2' title="bbox 118 420 1159 1861">
    <p class='ocr_par' dir='ltr' id='par_1_2' title="bbox 119 420 1159 1459">
     <span class='ocr_line' id='line_1_2' title="bbox 169 420 1142 504; baseline -0.005 -18"><span class='ocrx_word' id='word_1_5' title='bbox 169 426 352 504; x_wconf 81' lang='lat' dir='ltr'>Regressus</span> <span class='ocrx_word' id='word_1_6' title='bbox 369 422 508 486; x_wconf 79' lang='lat' dir='ltr'>differta</span> <span class='ocrx_word' id='word_1_7' title='bbox 530 423 653 486; x_wconf 81' lang='lat' dir='ltr'>circulo</span> <span class='ocrx_word' id='word_1_8' title='bbox 667 427 798 502; x_wconf 81' lang='lat' dir='ltr'><strong>proprie</strong></span> <span class='ocrx_word' id='word_1_9' title='bbox 814 425 913 496; x_wconf 88' lang='lat' dir='ltr'>dicto,</span> <span class='ocrx_word' id='word_1_10' title='bbox 930 428 1094 502; x_wconf 89' lang='lat' dir='ltr'>quatenus</span> <span class='ocrx_word' id='word_1_11' title='bbox 1106 420 1142 491; x_wconf 93' lang='lat' dir='ltr'>in</span> 
     </span>
     <span class='ocr_line' id='line_1_3' title="bbox 127 504 1141 582; baseline -0.001 -19"><span class='ocrx_word' id='word_1_12' title='bbox 127 504 252 567; x_wconf 91' lang='lat' dir='ltr'>circulo</span> <span class='ocrx_word' id='word_1_13' title='bbox 275 505 402 566; x_wconf 90' lang='lat' dir='ltr'>termini</span> <span class='ocrx_word' id='word_1_14' title='bbox 420 505 579 566; x_wconf 88' lang='lat' dir='ltr'>secundae</span> <span class='ocrx_word' id='word_1_15' title='bbox 604 504 891 568; x_wconf 74' lang='lat' dir='ltr'>demonstrationis</span> <span class='ocrx_word' id='word_1_16' title='bbox 913 520 981 567; x_wconf 93' lang='lat' dir='ltr'>non</span> <span class='ocrx_word' id='word_1_17' title='bbox 1001 519 1141 582; x_wconf 89' lang='lat' dir='ltr'>cognos-</span> 
     </span>
     <span class='ocr_line' id='line_1_4' title="bbox 126 581 1138 663; baseline 0 -20"><span class='ocrx_word' id='word_1_18' title='bbox 126 590 249 646; x_wconf 89' lang='lat' dir='ltr'>cuntur</span> <span class='ocrx_word' id='word_1_19' title='bbox 262 586 325 647; x_wconf 91' lang='lat' dir='ltr'>nisi</span> <span class='ocrx_word' id='word_1_20' title='bbox 339 601 399 663; x_wconf 91' lang='lat' dir='ltr'>per</span> <span class='ocrx_word' id='word_1_21' title='bbox 408 585 558 662; x_wconf 89' lang='lat' dir='ltr'>primam,</span> <span class='ocrx_word' id='word_1_22' title='bbox 575 588 608 645; x_wconf 83' lang='lat' dir='ltr'>&#39;et</span> <span class='ocrx_word' id='word_1_23' title='bbox 630 590 804 647; x_wconf 87' lang='lat' dir='ltr'>sumuntur</span> <span class='ocrx_word' id='word_1_24' title='bbox 823 583 943 646; x_wconf 90' lang='lat' dir='ltr'>eodem</span> <span class='ocrx_word' id='word_1_25' title='bbox 957 581 1056 644; x_wconf 88' lang='lat' dir='ltr'>modo</span> <span class='ocrx_word' id='word_1_26' title='bbox 1072 598 1138 659; x_wconf 91' lang='lat' dir='ltr'>quo</span> 
     </span>
     <span class='ocr_line' id='line_1_5' title="bbox 124 659 1138 744; baseline -0.003 -19"><span class='ocrx_word' id='word_1_27' title='bbox 124 665 161 725; x_wconf 95' lang='lat' dir='ltr'>in</span> <span class='ocrx_word' id='word_1_28' title='bbox 204 666 332 742; x_wconf 84' lang='lat' dir='ltr'>prims;</span> <span class='ocrx_word' id='word_1_29' title='bbox 370 667 405 726; x_wconf 92' lang='lat' dir='ltr'>in</span> <span class='ocrx_word' id='word_1_30' title='bbox 446 681 604 744; x_wconf 88' lang='lat' dir='ltr'>regressu</span> <span class='ocrx_word' id='word_1_31' title='bbox 651 670 763 726; x_wconf 87' lang='lat' dir='ltr'>autern</span> <span class='ocrx_word' id='word_1_32' title='bbox 806 663 936 725; x_wconf 79' lang='lat' dir='ltr'>termini</span> <span class='ocrx_word' id='word_1_33' title='bbox 979 659 1138 724; x_wconf 87' lang='lat' dir='ltr'>secundae</span> 
     </span>
     <span class='ocr_line' id='line_1_6' title="bbox 126 742 1137 816; baseline 0 -12"><span class='ocrx_word' id='word_1_34' title='bbox 126 744 417 806; x_wconf 80' lang='lat' dir='ltr'>demonstrationis</span> <span class='ocrx_word' id='word_1_35' title='bbox 442 750 614 806; x_wconf 90' lang='lat' dir='ltr'>sumuntur</span> <span class='ocrx_word' id='word_1_36' title='bbox 642 745 772 806; x_wconf 86' lang='lat' dir='ltr'>diverso</span> <span class='ocrx_word' id='word_1_37' title='bbox 801 742 913 816; x_wconf 92' lang='lat' dir='ltr'>modo,</span> <span class='ocrx_word' id='word_1_38' title='bbox 939 745 973 803; x_wconf 92' lang='lat' dir='ltr'>et</span> <span class='ocrx_word' id='word_1_39' title='bbox 992 757 1059 803; x_wconf 93' lang='lat' dir='ltr'>non</span> <span class='ocrx_word' id='word_1_40' title='bbox 1081 758 1137 804; x_wconf 90' lang='lat' dir='ltr'>co·</span> 
     </span>
     <span class='ocr_line' id='line_1_7' title="bbox 124 822 1139 902; baseline -0.002 -18"><span class='ocrx_word' id='word_1_41' title='bbox 124 829 333 902; x_wconf 89' lang='lat' dir='ltr'>gnoscuntur</span> <span class='ocrx_word' id='word_1_42' title='bbox 348 829 474 886; x_wconf 85' lang='lat' dir='ltr'>tanturn</span> <span class='ocrx_word' id='word_1_43' title='bbox 493 840 554 901; x_wconf 90' lang='lat' dir='ltr'>per</span> <span class='ocrx_word' id='word_1_44' title='bbox 575 825 727 902; x_wconf 89' lang='lat' dir='ltr'>primam,</span> <span class='ocrx_word' id='word_1_45' title='bbox 742 823 804 886; x_wconf 89' lang='lat' dir='ltr'>sed</span> <span class='ocrx_word' id='word_1_46' title='bbox 818 839 878 902; x_wconf 92' lang='lat' dir='ltr'>per</span> <span class='ocrx_word' id='word_1_47' title='bbox 896 822 1044 884; x_wconf 88' lang='lat' dir='ltr'>medium</span> <span class='ocrx_word' id='word_1_48' title='bbox 1059 837 1139 882; x_wconf 89' lang='lat' dir='ltr'>exa-</span> 
     </span>
     <span class='ocr_line' id='line_1_8' title="bbox 123 901 1139 981; baseline -0.002 -17"><span class='ocrx_word' id='word_1_49' title='bbox 123 919 204 965; x_wconf 92' lang='lat' dir='ltr'>men</span> <span class='ocrx_word' id='word_1_50' title='bbox 219 908 350 974; x_wconf 86' lang='lat' dir='ltr'>mentis,</span> <span class='ocrx_word' id='word_1_51' title='bbox 365 903 400 965; x_wconf 91' lang='lat' dir='ltr'>id</span> <span class='ocrx_word' id='word_1_52' title='bbox 415 911 475 978; x_wconf 89' lang='lat' dir='ltr'>est,</span> <span class='ocrx_word' id='word_1_53' title='bbox 495 905 549 966; x_wconf 86' lang='lat' dir='ltr'>vel</span> <span class='ocrx_word' id='word_1_54' title='bbox 561 921 622 981; x_wconf 88' lang='lat' dir='ltr'>per</span> <span class='ocrx_word' id='word_1_55' title='bbox 636 919 754 967; x_wconf 89' lang='lat' dir='ltr'>sensus</span> <span class='ocrx_word' id='word_1_56' title='bbox 774 908 807 966; x_wconf 90' lang='lat' dir='ltr'>et</span> <span class='ocrx_word' id='word_1_57' title='bbox 822 903 1069 980; x_wconf 82' lang='lat' dir='ltr'>experientiam,</span> <span class='ocrx_word' id='word_1_58' title='bbox 1084 901 1139 962; x_wconf 84' lang='lat' dir='ltr'>vel</span> 
     </span>
     <span class='ocr_line' id='line_1_9' title="bbox 123 982 1138 1063; baseline -0.002 -19"><span class='ocrx_word' id='word_1_59' title='bbox 123 1000 188 1060; x_wconf 90' lang='lat' dir='ltr'>per</span> <span class='ocrx_word' id='word_1_60' title='bbox 213 984 463 1063; x_wconf 82' lang='lat' dir='ltr'>explicationem</span> <span class='ocrx_word' id='word_1_61' title='bbox 487 986 712 1054; x_wconf 89' lang='lat' dir='ltr'>terminorum,</span> <span class='ocrx_word' id='word_1_62' title='bbox 732 986 787 1046; x_wconf 86' lang='lat' dir='ltr'>vel</span> <span class='ocrx_word' id='word_1_63' title='bbox 800 1000 860 1060; x_wconf 91' lang='lat' dir='ltr'>per</span> <span class='ocrx_word' id='word_1_64' title='bbox 874 984 955 1044; x_wconf 90' lang='lat' dir='ltr'>alios</span> <span class='ocrx_word' id='word_1_65' title='bbox 971 982 1138 1043; x_wconf 90' lang='lat' dir='ltr'>discursus</span> 
     </span>
     <span class='ocr_line' id='line_1_10' title="bbox 125 1062 1159 1140; baseline 0.003 -17"><span class='ocrx_word' id='word_1_66' title='bbox 125 1064 351 1126; x_wconf 85' lang='lat' dir='ltr'>intermedius.</span> <span class='ocrx_word' id='word_1_67' title='bbox 370 1062 462 1125; x_wconf 87' lang='lat' dir='ltr'>Unde</span> <span class='ocrx_word' id='word_1_68' title='bbox 480 1070 601 1140; x_wconf 86' lang='lat' dir='ltr'>praeler</span> <span class='ocrx_word' id='word_1_69' title='bbox 622 1064 705 1125; x_wconf 87' lang='lat' dir='ltr'>duas</span> <span class='ocrx_word' id='word_1_70' title='bbox 730 1063 1038 1133; x_wconf 88' lang='lat' dir='ltr'>demonstrationes,</span> <span class='ocrx_word' id='word_1_71' title='bbox 1055 1077 1138 1139; x_wconf 91' lang='lat' dir='ltr'>quas</span> <span class='ocrx_word' id='word_1_72' title='bbox 1156 1122 1159 1127; x_wconf 91' lang='grc'><em>,</em></span> 
     </span>
     <span class='ocr_line' id='line_1_11' title="bbox 124 1143 1136 1220; baseline 0.001 -18"><span class='ocrx_word' id='word_1_73' title='bbox 124 1143 228 1204; x_wconf 88' lang='lat' dir='ltr'>habet</span> <span class='ocrx_word' id='word_1_74' title='bbox 247 1145 330 1204; x_wconf 89' lang='lat' dir='ltr'>sicut</span> <span class='ocrx_word' id='word_1_75' title='bbox 350 1143 501 1215; x_wconf 89' lang='lat' dir='ltr'>circulus,</span> <span class='ocrx_word' id='word_1_76' title='bbox 521 1145 623 1205; x_wconf 89' lang='lat' dir='ltr'>hahet</span> <span class='ocrx_word' id='word_1_77' title='bbox 641 1144 829 1206; x_wconf 86' lang='lat' dir='ltr'>necessario</span> <span class='ocrx_word' id='word_1_78' title='bbox 845 1147 1001 1220; x_wconf 74' lang='lat' dir='ltr'>preterea</span> <span class='ocrx_word' id='word_1_79' title='bbox 1016 1158 1136 1218; x_wconf 92' lang='lat' dir='ltr'>opera·</span> 
     </span>
     <span class='ocr_line' id='line_1_12' title="bbox 120 1221 1139 1301; baseline -0.002 -19"><span class='ocrx_word' id='word_1_80' title='bbox 120 1225 250 1285; x_wconf 91' lang='lat' dir='ltr'>tionem</span> <span class='ocrx_word' id='word_1_81' title='bbox 279 1222 455 1301; x_wconf 87' lang='lat' dir='ltr'>quamdam</span> <span class='ocrx_word' id='word_1_82' title='bbox 471 1223 624 1294; x_wconf 88' lang='lat' dir='ltr'>mediam,</span> <span class='ocrx_word' id='word_1_83' title='bbox 659 1241 729 1301; x_wconf 85' lang='lat' dir='ltr'>quae</span> <span class='ocrx_word' id='word_1_84' title='bbox 758 1221 933 1284; x_wconf 84' lang='lat' dir='ltr'>antecedat</span> <span class='ocrx_word' id='word_1_85' title='bbox 954 1222 1139 1283; x_wconf 91' lang='lat' dir='ltr'>secundam</span> 
     </span>
     <span class='ocr_line' id='line_1_13' title="bbox 119 1301 1138 1381; baseline -0.003 -17"><span class='ocrx_word' id='word_1_86' title='bbox 119 1302 442 1365; x_wconf 82' lang='lat' dir='ltr'>demonstrationem</span> <span class='ocrx_word' id='word_1_87' title='bbox 457 1307 491 1362; x_wconf 90' lang='lat' dir='ltr'>et</span> <span class='ocrx_word' id='word_1_88' title='bbox 515 1308 674 1381; x_wconf 83' lang='lat' dir='ltr'>sequatur</span> <span class='ocrx_word' id='word_1_89' title='bbox 689 1304 837 1380; x_wconf 89' lang='lat' dir='ltr'>primam,</span> <span class='ocrx_word' id='word_1_90' title='bbox 858 1303 1036 1379; x_wconf 88' lang='lat' dir='ltr'>vocarique</span> <span class='ocrx_word' id='word_1_91' title='bbox 1052 1301 1138 1364; x_wconf 92' lang='lat' dir='ltr'>solet</span> 
     </span>
     <span class='ocr_line' id='line_1_14' title="bbox 120 1384 857 1459; baseline 0.003 -17"><span class='ocrx_word' id='word_1_92' title='bbox 120 1398 266 1443; x_wconf 76' lang='lat' dir='ltr'>examen</span> <span class='ocrx_word' id='word_1_93' title='bbox 279 1387 393 1445; x_wconf 82' lang='lat' dir='ltr'>meotis</span> <span class='ocrx_word' id='word_1_94' title='bbox 412 1395 473 1442; x_wconf 92' lang='lat' dir='ltr'>seu</span> <span class='ocrx_word' id='word_1_95' title='bbox 491 1384 652 1459; x_wconf 74' lang='lat' dir='ltr'>inquisitio</span> <span class='ocrx_word' id='word_1_96' title='bbox 671 1384 857 1445; x_wconf 82' lang='lat' dir='ltr'>intellectus.</span> 
     </span>
    </p>

    <p class='ocr_par' dir='ltr' id='par_1_3' title="bbox 118 1460 1139 1861">
     <span class='ocr_line' id='line_1_15' title="bbox 163 1460 1138 1541; baseline -0.003 -19"><span class='ocrx_word' id='word_1_97' title='bbox 163 1461 358 1541; x_wconf 86' lang='lat' dir='ltr'>Hujusmodi</span> <span class='ocrx_word' id='word_1_98' title='bbox 387 1477 560 1540; x_wconf 86' lang='lat' dir='ltr'>regressus</span> <span class='ocrx_word' id='word_1_99' title='bbox 585 1468 635 1523; x_wconf 89' lang='lat' dir='ltr'>est</span> <span class='ocrx_word' id='word_1_100' title='bbox 656 1479 734 1524; x_wconf 90' lang='lat' dir='ltr'>vera</span> <span class='ocrx_word' id='word_1_101' title='bbox 758 1460 1006 1532; x_wconf 87' lang='lat' dir='ltr'>demonstratio,</span> <span class='ocrx_word' id='word_1_102' title='bbox 1033 1464 1067 1520; x_wconf 93' lang='lat' dir='ltr'>et</span> <span class='ocrx_word' id='word_1_103' title='bbox 1086 1463 1138 1520; x_wconf 88' lang='lat' dir='ltr'>est</span> 
     </span>
     <span class='ocr_line' id='line_1_16' title="bbox 118 1539 1137 1619; baseline 0.001 -19"><span class='ocrx_word' id='word_1_104' title='bbox 118 1542 211 1601; x_wconf 90' lang='lat' dir='ltr'>utilis</span> <span class='ocrx_word' id='word_1_105' title='bbox 236 1542 392 1616; x_wconf 88' lang='lat' dir='ltr'>scientiis,</span> <span class='ocrx_word' id='word_1_106' title='bbox 420 1543 549 1619; x_wconf 87' lang='lat' dir='ltr'>quoties</span> <span class='ocrx_word' id='word_1_107' title='bbox 571 1543 711 1604; x_wconf 89' lang='lat' dir='ltr'>hahetur</span> <span class='ocrx_word' id='word_1_108' title='bbox 735 1540 902 1603; x_wconf 87' lang='lat' dir='ltr'>sufficiens</span> <span class='ocrx_word' id='word_1_109' title='bbox 926 1540 1069 1618; x_wconf 83' lang='lat' dir='ltr'>cognitio</span> <span class='ocrx_word' id='word_1_110' title='bbox 1094 1539 1137 1601; x_wconf 88' lang='lat' dir='ltr'>de</span> 
     </span>
     <span class='ocr_line' id='line_1_17' title="bbox 119 1619 1139 1698; baseline -0.001 -18"><span class='ocrx_word' id='word_1_111' title='bbox 119 1621 296 1697; x_wconf 65' lang='lat' dir='ltr'>praemissis</span> <span class='ocrx_word' id='word_1_112' title='bbox 332 1622 446 1698; x_wconf 86' lang='lat' dir='ltr'>primae</span> <span class='ocrx_word' id='word_1_113' title='bbox 479 1620 784 1693; x_wconf 88' lang='lat' dir='ltr'>demonstrationis,</span> <span class='ocrx_word' id='word_1_114' title='bbox 817 1619 1085 1698; x_wconf 87' lang='lat' dir='ltr'>independenter</span> <span class='ocrx_word' id='word_1_115' title='bbox 1119 1635 1139 1679; x_wconf 92' lang='lat' dir='ltr'>a</span> 
     </span>
     <span class='ocr_line' id='line_1_18' title="bbox 119 1699 1139 1861; baseline 0 -103"><span class='ocrx_word' id='word_1_116' title='bbox 119 1699 270 1762; x_wconf 83' lang='lat' dir='ltr'>secunda</span> <span class='ocrx_word' id='word_1_117' title='bbox 288 1700 578 1861; x_wconf 53' lang='lat' dir='ltr'>demonstratione,</span> <span class='ocrx_word' id='word_1_118' title='bbox 604 1702 726 1764; x_wconf 86' lang='lat' dir='ltr'>etenim</span> <span class='ocrx_word' id='word_1_119' title='bbox 743 1701 851 1764; x_wconf 82' lang='lat' dir='ltr'>diflert</span> <span class='ocrx_word' id='word_1_120' title='bbox 864 1717 883 1763; x_wconf 89' lang='lat' dir='ltr'>a</span> <span class='ocrx_word' id='word_1_121' title='bbox 898 1701 1017 1762; x_wconf 88' lang='lat' dir='ltr'>circulo</span> <span class='ocrx_word' id='word_1_122' title='bbox 1033 1699 1139 1760; x_wconf 91' lang='lat' dir='ltr'>inutili</span> 
     </span>
     <span class='ocr_line' id='line_1_19' title="bbox 119 1781 601 1844; baseline 0.008 -4"><span class='ocrx_word' id='word_1_123' title='bbox 119 1793 184 1841; x_wconf 90' lang='lat' dir='ltr'>seu</span> <span class='ocrx_word' id='word_1_124' title='bbox 207 1781 323 1842; x_wconf 90' lang='lat' dir='ltr'>vitioso</span> <span class='ocrx_word' id='word_1_125' title='bbox 356 1782 418 1844; x_wconf 78' lang='lat'>92.</span> <span class='ocrx_word' id='word_1_126' title='bbox 597 1797 601 1805; x_wconf 92' lang='lat'>·</span> 
     </span>
    </p>
   </div>
   <div class='ocr_carea' id='block_1_3' title="bbox 379 1899 883 1966">
    <p class='ocr_par' dir='ltr' id='par_1_4' title="bbox 379 1899 883 1966">
     <span class='ocr_line' id='line_1_20' title="bbox 379 1899 883 1966; baseline 0 -15"><span class='ocrx_word' id='word_1_127' title='bbox 379 1899 613 1966; x_wconf 80' lang='lat' dir='ltr'>11.Termin010gia</span> <span class='ocrx_word' id='word_1_128' title='bbox 632 1900 883 1952; x_wconf 83' lang='lat' dir='ltr'>mathematicorum.</span> 
     </span>
    </p>
   </div>
   <div class='ocr_carea' id='block_1_4' title="bbox 117 2095 1138 3766">
    <p class='ocr_par' dir='ltr' id='par_1_5' title="bbox 119 2095 1138 2336">
     <span class='ocr_line' id='line_1_21' title="bbox 164 2095 1138 2176; baseline -0.001 -19"><span class='ocrx_word' id='word_1_129' title='bbox 164 2097 232 2158; x_wconf 78' lang='lat'>134.</span> <span class='ocrx_word' id='word_1_130' title='bbox 250 2129 288 2140; x_wconf 84' lang='lat'>—</span> <span class='ocrx_word' id='word_1_131' title='bbox 303 2098 338 2156; x_wconf 96' lang='lat' dir='ltr'>ln</span> <span class='ocrx_word' id='word_1_132' title='bbox 354 2095 686 2159; x_wconf 86' lang='lat' dir='ltr'>demonstrationibus</span> <span class='ocrx_word' id='word_1_133' title='bbox 699 2097 879 2176; x_wconf 75' lang='lat' dir='ltr'>presertim</span> <span class='ocrx_word' id='word_1_134' title='bbox 892 2096 1138 2159; x_wconf 89' lang='lat' dir='ltr'>mathematico·</span> 
     </span>
     <span class='ocr_line' id='line_1_22' title="bbox 119 2175 1137 2256; baseline 0 -20"><span class='ocrx_word' id='word_1_135' title='bbox 119 2191 209 2244; x_wconf 83' lang='lat' dir='ltr'>rum,</span> <span class='ocrx_word' id='word_1_136' title='bbox 235 2177 392 2238; x_wconf 88' lang='lat' dir='ltr'>nonnulla</span> <span class='ocrx_word' id='word_1_137' title='bbox 417 2175 616 2238; x_wconf 81' lang='lat' dir='ltr'>adhibentur</span> <span class='ocrx_word' id='word_1_138' title='bbox 639 2179 800 2240; x_wconf 87' lang='lat' dir='ltr'>vocabula</span> <span class='ocrx_word' id='word_1_139' title='bbox 825 2196 895 2256; x_wconf 83' lang='lat' dir='ltr'>quae</span> <span class='ocrx_word' id='word_1_140' title='bbox 909 2179 961 2239; x_wconf 88' lang='lat' dir='ltr'>hic</span> <span class='ocrx_word' id='word_1_141' title='bbox 977 2176 1137 2239; x_wconf 87' lang='lat' dir='ltr'>declarari</span> 
     </span>
     <span class='ocr_line' id='line_1_23' title="bbox 121 2253 893 2336; baseline -0.001 -20"><span class='ocrx_word' id='word_1_142' title='bbox 121 2253 261 2328; x_wconf 86' lang='lat' dir='ltr'>debent,</span> <span class='ocrx_word' id='word_1_143' title='bbox 277 2260 392 2332; x_wconf 87' lang='lat' dir='ltr'>utpote</span> <span class='ocrx_word' id='word_1_144' title='bbox 407 2256 449 2318; x_wconf 93' lang='lat' dir='ltr'>ad</span> <span class='ocrx_word' id='word_1_145' title='bbox 464 2257 657 2320; x_wconf 90' lang='lat' dir='ltr'>methodum</span> <span class='ocrx_word' id='word_1_146' title='bbox 672 2262 869 2336; x_wconf 89' lang='lat' dir='ltr'>pertinentia</span> <span class='ocrx_word' id='word_1_147' title='bbox 886 2275 893 2315; x_wconf 76' lang='grc' dir='ltr'><strong>ε</strong></span> 
     </span>
    </p>

    <p class='ocr_par' dir='ltr' id='par_1_6' title="bbox 119 2335 1138 2732">
     <span class='ocr_line' id='line_1_24' title="bbox 166 2335 1136 2412; baseline -0.002 -15"><span class='ocrx_word' id='word_1_148' title='bbox 166 2340 196 2397; x_wconf 93' lang='lat' dir='ltr'>l⁰</span> <span class='ocrx_word' id='word_1_149' title='bbox 210 2337 349 2396; x_wconf 77' lang='lat' dir='ltr'>Aciomo</span> <span class='ocrx_word' id='word_1_150' title='bbox 373 2341 424 2397; x_wconf 89' lang='lat' dir='ltr'>est</span> <span class='ocrx_word' id='word_1_151' title='bbox 433 2340 613 2412; x_wconf 82' lang='lat' dir='ltr'>propositio</span> <span class='ocrx_word' id='word_1_152' title='bbox 627 2340 801 2400; x_wconf 84' lang='lat' dir='ltr'>theoretico</span> <span class='ocrx_word' id='word_1_153' title='bbox 823 2335 1136 2406; x_wconf 77' lang='lat' dir='ltr'>indemonstrabilis,</span> 
     </span>
     <span class='ocr_line' id='line_1_25' title="bbox 121 2416 1138 2494; baseline -0.001 -18"><span class='ocrx_word' id='word_1_154' title='bbox 121 2417 220 2494; x_wconf 76' lang='lat' dir='ltr'>cuius</span> <span class='ocrx_word' id='word_1_155' title='bbox 247 2417 366 2476; x_wconf 83' lang='lat' dir='ltr'>veritas</span> <span class='ocrx_word' id='word_1_156' title='bbox 392 2421 484 2492; x_wconf 87' lang='lat' dir='ltr'>patet</span> <span class='ocrx_word' id='word_1_157' title='bbox 506 2417 576 2478; x_wconf 89' lang='lat' dir='ltr'>sola</span> <span class='ocrx_word' id='word_1_158' title='bbox 603 2421 818 2480; x_wconf 89' lang='lat' dir='ltr'>terminorum</span> <span class='ocrx_word' id='word_1_159' title='bbox 845 2416 1046 2478; x_wconf 87' lang='lat' dir='ltr'>definitione.</span> <span class='ocrx_word' id='word_1_160' title='bbox 1076 2416 1138 2476; x_wconf 90' lang='lat' dir='ltr'>Per</span> 
     </span>
     <span class='ocr_line' id='line_1_26' title="bbox 119 2495 1137 2577; baseline -0.001 -22"><span class='ocrx_word' id='word_1_161' title='bbox 119 2495 383 2573; x_wconf 88' lang='lat' dir='ltr'>propositionem</span> <span class='ocrx_word' id='word_1_162' title='bbox 398 2495 611 2557; x_wconf 87' lang='lat' dir='ltr'>theoreticam</span> <span class='ocrx_word' id='word_1_163' title='bbox 626 2497 678 2558; x_wconf 90' lang='lat' dir='ltr'>hic</span> <span class='ocrx_word' id='word_1_164' title='bbox 691 2498 885 2577; x_wconf 84' lang='lat' dir='ltr'>intelligitur</span> <span class='ocrx_word' id='word_1_165' title='bbox 904 2513 975 2576; x_wconf 81' lang='lat' dir='ltr'>quae</span> <span class='ocrx_word' id='word_1_166' title='bbox 998 2495 1137 2557; x_wconf 87' lang='lat' dir='ltr'>affirmat</span> 
     </span>
     <span class='ocr_line' id='line_1_27' title="bbox 121 2571 1136 2654; baseline 0.001 -19"><span class='ocrx_word' id='word_1_167' title='bbox 121 2575 206 2654; x_wconf 92' lang='lat' dir='ltr'>quid</span> <span class='ocrx_word' id='word_1_168' title='bbox 230 2575 281 2644; x_wconf 87' lang='lat' dir='ltr'>sil,</span> <span class='ocrx_word' id='word_1_169' title='bbox 306 2575 359 2636; x_wconf 91' lang='lat' dir='ltr'>vel</span> <span class='ocrx_word' id='word_1_170' title='bbox 383 2571 546 2646; x_wconf 88' lang='lat' dir='ltr'>fiat,dn-1n</span> <span class='ocrx_word' id='word_1_171' title='bbox 568 2579 746 2652; x_wconf 68' lang='lat' dir='ltr'>propositis</span> <span class='ocrx_word' id='word_1_172' title='bbox 765 2581 918 2652; x_wconf 81' lang='lat' dir='ltr'>practica</span> <span class='ocrx_word' id='word_1_173' title='bbox 941 2592 981 2637; x_wconf 88' lang='lat' dir='ltr'>ea</span> <span class='ocrx_word' id='word_1_174' title='bbox 1000 2581 1050 2637; x_wconf 90' lang='lat' dir='ltr'>est</span> <span class='ocrx_word' id='word_1_175' title='bbox 1065 2591 1136 2653; x_wconf 75' lang='lat' dir='ltr'>qnae</span> 
     </span>
     <span class='ocr_line' id='line_1_28' title="bbox 122 2652 1112 2732; baseline 0.002 -16"><span class='ocrx_word' id='word_1_176' title='bbox 122 2654 265 2716; x_wconf 86' lang='lat' dir='ltr'>affirmat</span> <span class='ocrx_word' id='word_1_177' title='bbox 279 2653 355 2732; x_wconf 90' lang='lat' dir='ltr'>quid</span> <span class='ocrx_word' id='word_1_178' title='bbox 372 2652 443 2716; x_wconf 88' lang='lat' dir='ltr'>fieri</span> <span class='ocrx_word' id='word_1_179' title='bbox 457 2658 560 2731; x_wconf 86' lang='lat' dir='ltr'>possit</span> <span class='ocrx_word' id='word_1_180' title='bbox 575 2663 630 2718; x_wconf 88' lang='lat' dir='ltr'>aut</span> <span class='ocrx_word' id='word_1_181' title='bbox 646 2656 778 2718; x_wconf 89' lang='lat' dir='ltr'>debeat.</span> <span class='ocrx_word' id='word_1_182' title='bbox 1109 2701 1112 2707; x_wconf 83' lang='lat'><em>-</em></span> 
     </span>
    </p>

    <p class='ocr_par' dir='ltr' id='par_1_7' title="bbox 121 2734 1136 2972">
     <span class='ocr_line' id='line_1_29' title="bbox 163 2734 1118 2814; baseline -0.002 -18"><span class='ocrx_word' id='word_1_183' title='bbox 163 2737 196 2796; x_wconf 75' lang='grc' dir='ltr'>2α</span> <span class='ocrx_word' id='word_1_184' title='bbox 211 2734 409 2795; x_wconf 82' lang='lat' dir='ltr'>Postuloium</span> <span class='ocrx_word' id='word_1_185' title='bbox 425 2741 475 2796; x_wconf 91' lang='lat' dir='ltr'>est</span> <span class='ocrx_word' id='word_1_186' title='bbox 489 2739 664 2812; x_wconf 88' lang='lat' dir='ltr'>propositio</span> <span class='ocrx_word' id='word_1_187' title='bbox 676 2739 818 2814; x_wconf 86' lang='lat' dir='ltr'>practica</span> <span class='ocrx_word' id='word_1_188' title='bbox 829 2752 900 2814; x_wconf 86' lang='lat' dir='ltr'>quac</span> <span class='ocrx_word' id='word_1_189' title='bbox 911 2734 1118 2811; x_wconf 84' lang='lat' dir='ltr'>expostulato</span> 
     </span>
     <span class='ocr_line' id='line_1_30' title="bbox 122 2812 1136 2893; baseline 0.001 -20"><span class='ocrx_word' id='word_1_190' title='bbox 122 2812 167 2874; x_wconf 83' lang='lat' dir='ltr'>ad</span> <span class='ocrx_word' id='word_1_191' title='bbox 184 2812 326 2874; x_wconf 84' lang='lat' dir='ltr'>dandam</span> <span class='ocrx_word' id='word_1_192' title='bbox 340 2815 483 2891; x_wconf 86' lang='lat' dir='ltr'>aliquam</span> <span class='ocrx_word' id='word_1_193' title='bbox 499 2813 823 2889; x_wconf 87' lang='lat' dir='ltr'>demonstrationem,</span> <span class='ocrx_word' id='word_1_194' title='bbox 839 2822 939 2893; x_wconf 89' lang='lat' dir='ltr'>atque</span> <span class='ocrx_word' id='word_1_195' title='bbox 954 2819 990 2875; x_wconf 91' lang='lat' dir='ltr'>ut</span> <span class='ocrx_word' id='word_1_196' title='bbox 1000 2814 1136 2876; x_wconf 91' lang='lat' dir='ltr'>evidens</span> 
     </span>
     <span class='ocr_line' id='line_1_31' title="bbox 121 2893 623 2972; baseline 0.004 -19"><span class='ocrx_word' id='word_1_197' title='bbox 121 2893 273 2954; x_wconf 89' lang='lat' dir='ltr'>habetur.</span> <span class='ocrx_word' id='word_1_198' title='bbox 291 2893 359 2954; x_wconf 91' lang='lat' dir='ltr'>sive</span> <span class='ocrx_word' id='word_1_199' title='bbox 370 2894 447 2972; x_wconf 92' lang='lat' dir='ltr'>jure</span> <span class='ocrx_word' id='word_1_200' title='bbox 462 2895 529 2954; x_wconf 90' lang='lat' dir='ltr'>sive</span> <span class='ocrx_word' id='word_1_201' title='bbox 545 2910 623 2956; x_wconf 90' lang='lat' dir='ltr'>non.</span> 
     </span>
    </p>

    <p class='ocr_par' dir='ltr' id='par_1_8' title="bbox 118 2973 1136 3448">
     <span class='ocr_line' id='line_1_32' title="bbox 165 2973 1134 3051; baseline -0.002 -17"><span class='ocrx_word' id='word_1_202' title='bbox 165 2975 196 3034; x_wconf 65' lang='lat'>3*</span> <span class='ocrx_word' id='word_1_203' title='bbox 213 2975 388 3032; x_wconf 80' lang='lat' dir='ltr'>Tieorcmo</span> <span class='ocrx_word' id='word_1_204' title='bbox 403 2979 452 3034; x_wconf 91' lang='lat' dir='ltr'>est</span> <span class='ocrx_word' id='word_1_205' title='bbox 466 2976 643 3051; x_wconf 91' lang='lat' dir='ltr'>propositio</span> <span class='ocrx_word' id='word_1_206' title='bbox 659 2977 838 3036; x_wconf 88' lang='lat' dir='ltr'>theoretica</span> <span class='ocrx_word' id='word_1_207' title='bbox 857 2973 1134 3045; x_wconf 90' lang='lat' dir='ltr'>demonstrabilis,</span> 
     </span>
     <span class='ocr_line' id='line_1_33' title="bbox 123 3050 1135 3132; baseline 0.001 -19"><span class='ocrx_word' id='word_1_208' title='bbox 123 3050 206 3113; x_wconf 88' lang='lat' dir='ltr'>dum</span> <span class='ocrx_word' id='word_1_209' title='bbox 224 3052 395 3126; x_wconf 82' lang='lat' dir='ltr'>problema</span> <span class='ocrx_word' id='word_1_210' title='bbox 420 3059 470 3113; x_wconf 90' lang='lat' dir='ltr'>est</span> <span class='ocrx_word' id='word_1_211' title='bbox 494 3055 672 3130; x_wconf 88' lang='lat' dir='ltr'>propositio</span> <span class='ocrx_word' id='word_1_212' title='bbox 696 3055 840 3132; x_wconf 88' lang='lat' dir='ltr'>practica</span> <span class='ocrx_word' id='word_1_213' title='bbox 856 3053 1135 3127; x_wconf 88' lang='lat' dir='ltr'>demonstratione</span> 
     </span>
     <span class='ocr_line' id='line_1_34' title="bbox 122 3147 1042 3193; baseline -0.001 0"><span class='ocrx_word' id='word_1_214' title='bbox 122 3148 142 3193; x_wconf 92' lang='lat' dir='ltr'>e</span> <span class='ocrx_word' id='word_1_215' title='bbox 172 3147 240 3193; x_wconf 91' lang='lat' dir='ltr'>ens.</span> <span class='ocrx_word' id='word_1_216' title='bbox 505 3179 507 3184; x_wconf 67' lang='lat'>,</span> <span class='ocrx_word' id='word_1_217' title='bbox 1040 3170 1042 3175; x_wconf 92' lang='lat'>-</span> 
     </span>
     <span class='ocr_line' id='line_1_35' title="bbox 144 3147 1136 3289; baseline -0.001 -18"><span class='ocrx_word' id='word_1_218' title='bbox 144 3147 195 3271; x_wconf 65' lang='lat' dir='ltr'>gt*</span> <span class='ocrx_word' id='word_1_219' title='bbox 208 3213 339 3270; x_wconf 80' lang='lat' dir='ltr'>Lemma</span> <span class='ocrx_word' id='word_1_220' title='bbox 353 3215 404 3271; x_wconf 90' lang='lat' dir='ltr'>est</span> <span class='ocrx_word' id='word_1_221' title='bbox 417 3209 595 3289; x_wconf 90' lang='lat' dir='ltr'>propositio</span> <span class='ocrx_word' id='word_1_222' title='bbox 612 3227 684 3289; x_wconf 82' lang='lat' dir='ltr'>quac</span> <span class='ocrx_word' id='word_1_223' title='bbox 699 3213 879 3275; x_wconf 89' lang='lat' dir='ltr'>desumitur</span> <span class='ocrx_word' id='word_1_224' title='bbox 894 3213 1012 3274; x_wconf 88' lang='lat' dir='ltr'>exalia</span> <span class='ocrx_word' id='word_1_225' title='bbox 1031 3213 1136 3273; x_wconf 92' lang='lat' dir='ltr'>scien-</span> 
     </span>
     <span class='ocr_line' id='line_1_36' title="bbox 119 3287 1133 3367; baseline 0 -15"><span class='ocrx_word' id='word_1_226' title='bbox 119 3291 167 3352; x_wconf 89' lang='lat' dir='ltr'>tia</span> <span class='ocrx_word' id='word_1_227' title='bbox 181 3289 214 3350; x_wconf 94' lang='lat' dir='ltr'>in</span> <span class='ocrx_word' id='word_1_228' title='bbox 230 3306 293 3367; x_wconf 87' lang='lat' dir='ltr'>qna</span> <span class='ocrx_word' id='word_1_229' title='bbox 311 3287 562 3364; x_wconf 89' lang='lat' dir='ltr'>demonstratur,</span> <span class='ocrx_word' id='word_1_230' title='bbox 579 3307 711 3354; x_wconf 92' lang='lat' dir='ltr'>necnon</span> <span class='ocrx_word' id='word_1_231' title='bbox 725 3292 901 3355; x_wconf 87' lang='lat' dir='ltr'>adhibetur</span> <span class='ocrx_word' id='word_1_232' title='bbox 917 3300 954 3356; x_wconf 92' lang='lat' dir='ltr'>ut</span> <span class='ocrx_word' id='word_1_233' title='bbox 978 3292 1133 3355; x_wconf 90' lang='lat' dir='ltr'>demons-</span> 
     </span>
     <span class='ocr_line' id='line_1_37' title="bbox 118 3368 657 3448; baseline 0.004 -18"><span class='ocrx_word' id='word_1_234' title='bbox 118 3371 217 3430; x_wconf 87' lang='lat' dir='ltr'>tratio</span> <span class='ocrx_word' id='word_1_235' title='bbox 235 3368 384 3446; x_wconf 78' lang='lat' dir='ltr'>quedam</span> <span class='ocrx_word' id='word_1_236' title='bbox 400 3369 515 3448; x_wconf 89' lang='lat' dir='ltr'>perfici</span> <span class='ocrx_word' id='word_1_237' title='bbox 543 3374 657 3448; x_wconf 89' lang='lat' dir='ltr'>possit.</span> 
     </span>
    </p>

    <p class='ocr_par' dir='ltr' id='par_1_9' title="bbox 117 3448 1134 3766">
     <span class='ocr_line' id='line_1_38' title="bbox 165 3448 1133 3530; baseline 0.004 -20"><span class='ocrx_word' id='word_1_238' title='bbox 165 3451 196 3510; x_wconf 90' lang='lat'>5⁰</span> <span class='ocrx_word' id='word_1_239' title='bbox 209 3448 378 3510; x_wconf 81' lang='lat' dir='ltr'>Scholiom</span> <span class='ocrx_word' id='word_1_240' title='bbox 393 3449 489 3510; x_wconf 90' lang='lat' dir='ltr'>estid</span> <span class='ocrx_word' id='word_1_241' title='bbox 507 3449 597 3528; x_wconf 86' lang='lat' dir='ltr'>quod</span> <span class='ocrx_word' id='word_1_242' title='bbox 611 3453 784 3512; x_wconf 91' lang='lat' dir='ltr'>insumitur</span> <span class='ocrx_word' id='word_1_243' title='bbox 797 3456 834 3512; x_wconf 93' lang='lat' dir='ltr'>ut</span> <span class='ocrx_word' id='word_1_244' title='bbox 848 3453 1025 3530; x_wconf 88' lang='lat' dir='ltr'>propositio</span> <span class='ocrx_word' id='word_1_245' title='bbox 1046 3467 1133 3529; x_wconf 83' lang='lat' dir='ltr'>quae-</span> 
     </span>
     <span class='ocr_line' id='line_1_39' title="bbox 120 3527 1132 3607; baseline 0.001 -18"><span class='ocrx_word' id='word_1_246' title='bbox 120 3527 202 3589; x_wconf 88' lang='lat' dir='ltr'>dam</span> <span class='ocrx_word' id='word_1_247' title='bbox 214 3527 271 3590; x_wconf 90' lang='lat' dir='ltr'>fiat</span> <span class='ocrx_word' id='word_1_248' title='bbox 283 3527 413 3601; x_wconf 85' lang='lat' dir='ltr'>clarior;</span> <span class='ocrx_word' id='word_1_249' title='bbox 430 3531 573 3592; x_wconf 90' lang='lat' dir='ltr'>ostendit</span> <span class='ocrx_word' id='word_1_250' title='bbox 588 3533 676 3591; x_wconf 92' lang='lat' dir='ltr'>enim</span> <span class='ocrx_word' id='word_1_251' title='bbox 693 3533 876 3607; x_wconf 90' lang='lat' dir='ltr'>utilitatem,</span> <span class='ocrx_word' id='word_1_252' title='bbox 894 3534 1132 3603; x_wconf 88' lang='lat' dir='ltr'>extensionem,</span> 
     </span>
     <span class='ocr_line' id='line_1_40' title="bbox 117 3605 1134 3690; baseline 0.003 -22"><span class='ocrx_word' id='word_1_253' title='bbox 117 3605 298 3669; x_wconf 90' lang='lat' dir='ltr'>relationes</span> <span class='ocrx_word' id='word_1_254' title='bbox 311 3608 410 3687; x_wconf 87' lang='lat' dir='ltr'>hujus</span> <span class='ocrx_word' id='word_1_255' title='bbox 425 3613 656 3687; x_wconf 75' lang='lat' dir='ltr'>propositionis</span> <span class='ocrx_word' id='word_1_256' title='bbox 669 3628 744 3672; x_wconf 90' lang='lat' dir='ltr'>cum</span> <span class='ocrx_word' id='word_1_257' title='bbox 755 3611 843 3688; x_wconf 90' lang='lat' dir='ltr'>aliis;</span> <span class='ocrx_word' id='word_1_258' title='bbox 860 3613 1020 3690; x_wconf 90' lang='lat' dir='ltr'>principia</span> <span class='ocrx_word' id='word_1_259' title='bbox 1040 3611 1134 3688; x_wconf 91' lang='lat' dir='ltr'>ponit</span> 
     </span>
     <span class='ocr_line' id='line_1_41' title="bbox 120 3684 663 3766; baseline 0 -16"><span class='ocrx_word' id='word_1_260' title='bbox 120 3689 243 3766; x_wconf 89' lang='lat' dir='ltr'>quihus</span> <span class='ocrx_word' id='word_1_261' title='bbox 257 3688 428 3750; x_wconf 91' lang='lat' dir='ltr'>solvuntur</span> <span class='ocrx_word' id='word_1_262' title='bbox 443 3684 663 3752; x_wconf 81' lang='lat' dir='ltr'>difficultates</span> 
     </span>
    </p>
   </div>
   <div class='ocr_carea' id='block_1_5' title="bbox 0 0 1330 4242">
    <p class='ocr_par' dir='ltr' id='par_1_10' title="bbox 0 0 1330 4242">
     <span class='ocr_line' id='line_1_42' title="bbox 0 0 1330 4242; baseline 0 0"><span class='ocrx_word' id='word_1_263' title='bbox 0 0 1330 4242; x_wconf 95' lang='lat' dir='ltr'> </span> 
     </span>
    </p>
   </div>
  </div>
 </body>
</html>
