2650 4242
429 254 512 317 68
872 295 874 297 >
1057 269 1414 313 ssREviARmM
1456 267 1861 313 fumosorum:

515 386 575 443 1⁰
650 378 952 441 Definitio
1033 383 1409 456 essentialis,
1486 397 1635 461 quae
1714 383 1978 462 proprie
2069 381 2470 444 definitionis

430 477 682 524 nomen
712 464 1023 531 meretur,
1061 477 1140 522 ea
1172 467 1273 522 est
1317 476 1468 539 quae
1498 480 1640 523 rem
1680 463 1965 538 explicat
2010 461 2469 523 enumerando

429 545 623 605 notas
645 545 1002 600 essentiam
1021 556 1144 602 seu
1165 544 1459 618 speciem
1484 543 1985 616 constituenteS,
2011 544 2273 604 sivehae
2299 546 2472 602 notae

433 622 565 680 sint
593 624 815 696 partes
846 621 1163 698 physicae,
1202 625 1270 681 et
1299 626 1438 681 tum
1471 620 1762 682 definitio
1799 622 2035 682 dicitur
2064 623 2351 702 physica
2396 619 2476 699 (l)

437 704 569 760 sirii
625 699 751 760 sint
799 704 1023 777 partes
1079 701 1569 781 metaphysicae‚
1617 718 1747 781 quo
1791 718 1951 762 casu
2006 701 2307 765 definitio
2361 702 2477 762 erit

441 784 676 848 liv-tica.

509 844 581 920 'eii
617 858 952 918 hominem
983 856 1256 919 definias
1298 879 1312 920 ε
1354 863 1789 936 compositum
1811 877 1895 921 ex
1922 863 2139 922 anima
2165 860 2478 923 rationali

441 948 505 1000 et.
541 954 815 1014 unt-pore
862 939 1200 1016 organice,
1228 937 1300 1000 fit
1322 937 1614 1001 definitio
1640 941 2007 1000 essentialis
2025 942 2333 1020 physica,
2362 957 2479 1016 per

441 1024 628 1080 unias
661 1033 811 1095 quae
856 1022 1010 1078 sunt
1036 1023 1260 1094 partes
1294 1021 1600 1079 essentiae
1635 1020 1956 1099 physicae3
2000 1025 2056 1093 si
2094 1019 2474 1091 definiatur,

441 1099 682 1158 animal
741 1097 1082 1172 rationale,
1149 1099 1293 1158 haec
1360 1097 1650 1168 definitio
1710 1115 1860 1176 quae
1934 1105 2036 1160 est
2101 1100 2478 1162 essentialis

441 1180 677 1256 hig-ica,
725 1175 1063 1238 conficitur
1090 1194 1210 1253 per
1253 1184 1443 1239 notas
1493 1193 1642 1256 quae
1688 1185 1842 1239 sunt
1886 1184 2104 1258 partes
2158 1180 2476 1241 essentiae

445 1257 935 1335 iniitaphysicae,
969 1274 1090 1318 seu
1118 1274 1240 1335 per
1266 1274 1481 1335 genus
1527 1262 1594 1318 et
1636 1258 2093 1325 differentiam.

521 1340 585 1396 *it*
617 1335 916 1397 Definitio
943 1339 1353 1413 descriptiva,
1388 1354 1512 1398 seu
1551 1336 1930 1415 descriptio,
1988 1355 2131 1399 rem
2184 1337 2480 1414 explicat

441 1420 573 1480 sire
605 1432 726 1492 per
756 1432 986 1476 causas
1017 1416 1314 1493 proprias
1358 1415 1495 1495 (aut
1540 1415 1958 1492 efficientem,
2019 1423 2133 1480 aut
2186 1416 2479 1485 finalem,

445 1504 557 1556 :iul
589 1497 1056 1572 exemplarem,
1091 1494 1347 1575 etc.).et
1374 1503 1529 1557 tunc
1560 1496 1799 1558 dicitur
1828 1498 2111 1559 causalis
2124 1521 2143 1572 ;
2186 1500 2331 1559 sive
2362 1513 2480 1574 per

449 1576 780 1656 proprium
815 1595 826 1634 :
862 1592 922 1636 v.
957 1592 1052 1652 g.,
1085 1575 1281 1638 homo
1315 1580 1417 1637 est
1459 1577 1696 1636 animal
1747 1580 2065 1640 sermonis
2117 1593 2357 1655 capax,
2418 1576 2481 1635 in

449 1676 577 1732 qun
613 1671 767 1714 casu
799 1653 1034 1717 dicitur
1062 1657 1378 1730 propria:
1425 1660 1562 1718 sive
1607 1657 1879 1719 tandem
1925 1674 2047 1734 per
2074 1655 2476 1722 accidentia,

445 1756 569 1796 sou
617 1735 965 1812 qualitates
1015 1734 1463 1796 accidentales
1513 1738 1637 1798 soli
1681 1737 1778 1797 rei
1828 1736 2177 1814 descriptae
2228 1752 2480 1805 conve-

449 1820 729 1885 nii-*ntem
781 1815 971 1875 sicuti
1019 1813 1308 1875 definitio
1368 1815 1649 1879 hominis
1706 1833 1907 1894 quam
1966 1815 2150 1877 de'dit
2202 1817 2392 1877 Plato
2462 1834 2474 1872 :

449 1895 690 1956 animal
718 1894 1086 1970 pulchrum,
1118 1895 1461 1971 implume,
1496 1898 1709 1974 bipeS,
1741 1897 1995 1957 habens
2034 1901 2231 1974 caput
2285 1909 2479 1955 erec-

453 1984 617 2044 tunu
658 1978 723 2034 et
751 1974 896 2034 haec
929 1972 1216 2034 definitio
1252 1974 1489 2035 dicitur
1519 1976 1949 2036 accidentalis.

533 2060 593 2112 ΞΕ·
625 2051 921 2114 Definitio
970 2056 1278 2131 genetica
1311 2071 1390 2114 ea
1432 2060 1533 2116 est
1580 2070 1730 2132 quae
1778 2056 1875 2116 rei
1920 2057 2201 2131 qenes-im
2245 2052 2475 2123 refert,

453 2152 573 2192 seu
601 2132 892 2206 modum,
930 2150 1059 2211 quo
1091 2149 1197 2193 res
1226 2133 1525 2212 gignitur
1557 2155 1570 2194 :
1603 2152 1664 2196 V.
1698 2151 1825 2212 gr„
1853 2135 2131 2196 circulus
2155 2140 2257 2196 est
2277 2149 2478 2195 curva

453 2216 625 2276 linea
682 2228 830 2291 quae
890 2215 1170 2289 efficitur
1226 2229 1346 2290 per
1399 2214 1642 2275 lineam
1699 2231 1853 2276 sese
1901 2219 2275 2276 vertentem
2308 2214 2475 2274 circa

453 2296 646 2352 simin
677 2297 1017 2368 punctum.
1049 2290 1353 2353 Definitio
1383 2295 1527 2354 haec
1560 2294 1777 2355 differt
1806 2311 1843 2355 a
1875 2295 2141 2369 causali,
2170 2295 2326 2372 quia
2347 2308 2478 2354 non

449 2371 864 2432 antummodo
925 2374 1020 2433 rei
1076 2388 1343 2431 causam
1398 2381 1739 2446 memorat,
1801 2373 1922 2435 sed
1968 2375 2165 2435 etiam
2212 2376 2481 2434 modum

453 2452 761 2512 discribit
794 2467 923 2528 quo
954 2466 1064 2510 res
1093 2468 1130 2510 a
1166 2468 1287 2512 sua
1340 2469 1535 2514 causa
1581 2455 1894 2532 gignitur.
1992 2453 2209 2529 Quare
2254 2451 2477 2514 distin-

449 2532 672 2608 guitur
701 2547 736 2590 a
769 2529 1182 2607 descriptiva,
1221 2548 1369 2592 curn
1409 2533 1495 2594 ad
1545 2535 1755 2594 solam
1806 2535 2139 2595 causalem
2182 2531 2477 2594 revocari

473 2612 678 2672 mfffiit.
2392 2625 2405 2633 “

453 2632 469 2688 I
537 2692 690 2750 ilinc
718 2687 1006 2750 definitio
1041 2689 1435 2767 descriptiva
1487 2696 1553 2751 et
1601 2690 1889 2752 definitio
1944 2692 2274 2770 genetica,
2330 2705 2477 2769 quae

457 2768 613 2828 *lare
644 2775 988 2847 nequeunt
1035 2769 1199 2829 ideis
1227 2771 1350 2830 nisi
1380 2772 1703 2850 majorem
1744 2772 2127 2845 claritatem,
2170 2770 2480 2848 praemitti

457 2851 702 2908 [hibent
734 2847 1094 2910 definitioni
1127 2851 1481 2923 essentiali,
1525 2866 1675 2927 quae
1722 2852 1836 2913 has
1868 2869 1951 2912 ex
1980 2851 2168 2912 claris
2196 2851 2472 2914 ‘distinc-

461 2936 549 2988 tas
585 2929 780 2989 etiam
811 2927 1026 3000 efficit,
1064 2933 1131 2988 et
1171 2934 1483 3007 postponi
1504 2930 1873 2994 ,definitioni
1908 2930 2240 2993 nominali.

750 3076 820 3127 Π.
855 3076 929 3126 De
955 3075 1155 3140 legibus
1183 3076 1511 3139 definitionis,
1539 3077 1861 3142 potissimum
1886 3075 2194 3151 essentialis.-

549 3222 676 3284 ΗΜ.
710 3254 787 3262 -
820 3223 1040 3300 Leges
1069 3227 1270 3283 rectae
1306 3221 1703 3284 definitionis
1733 3229 1887 3285 sunt
1914 3227 2278 3302 sequentes
2315 3249 2326 3284 ;

541 3304 581 3360 l.
625 3303 715 3360 Ex
743 3306 928 3378 parte
961 3303 1347 3376 definitionis
1389 3305 1593 3378 ipsius
1628 3322 1643 3362 τ
1812 3359 1815 3361 Α

545 3384 597 3436 μ
625 3382 782 3458 Reg.
813 3383 1030 3441 Omnis
1059 3382 1339 3458 definitio
1371 3384 1611 3442 clarior
1646 3385 1725 3443 sit
1752 3384 2035 3459 delirum,
2063 3397 2219 3443 nam
2247 3392 2482 3443 munus

457 3456 852 3522 definitionis
897 3464 1000 3520 est
1046 3459 1389 3522 definitum
1418 3462 1655 3523 clarius
1687 3461 1975 3524 reddere
2012 3481 2025 3522 :
2058 3463 2209 3523 hinc
2239 3463 2300 3524 si
2332 3461 2479 3524 defi-

517 3644 585 3708 [l]
613 3641 858 3705 Hurtado,
886 3641 1017 3706 disp.
1045 3642 1115 3706 V,
1133 3657 1176 3693 ε.
1207 3643 1253 3693 1.
