2650 4242
442 215 556 276 144
1039 224 1400 272 ΒΒΕνιΑΒιυΜ
1440 227 1859 274 PHILOSOPfflAE

437 347 671 416 nimuS‚
704 358 847 418 seu,
882 339 1021 403 aliis
1048 341 1288 414 verbiS‚
1334 346 1433 403 est
1457 341 1725 420 aliquod
1761 339 2047 403 medium
2097 335 2451 420 judicandi,

436 423 617 504 quod
657 422 1053 485 de-veritatis
1082 423 1502 498 possessione
1533 439 1656 484 nos
1688 427 1900 484 certos
1925 419 2174 483 reddit.
2206 419 2461 482 Exhibet

438 519 597 581 ergo
628 504 935 564 motivum
967 500 1385 561 certitudinis,

514 584 770 660 Duplex
800 582 1210 660 distinguitur
1257 582 1576 642 criterium
1604 602 1627 645 ,-
1664 585 1724 644 1⁰
1752 583 2072 644 criterium
2093 595 2232 658 per
2286 579 2464 656 quod,

435 679 675 741 nempe
700 665 848 738 fons
868 661 1331 740 cognitionum,
1361 663 1473 740 qui
1505 667 1758 725 constat
1784 659 2091 723 facultate
2126 676 2266 738 qua
2296 657 2461 738 judi-

438 745 606 804 cium
664 741 989 821 profertur
1048 760 1062 800 ε
1126 740 1209 802 de
1264 741 1374 802 illo
1435 744 1689 803 criterio
1743 744 1994 820 egimus
2035 741 2466 822 intsuperiore

438 825 669 902 capite.
700 825 765 884 2⁰
794 819 1131 882 Criterium
1159 824 1510 883 secundum
1537 823 1727 898 quod,
1762 838 1881 882 seu
1926 824 2242 882 motivum
2303 819 2469 896 quod

442 905 884 980 cognitionum
906 904 1239 962 veritatem
1253 900 1490 962 suadet
1521 921 1536 962 ε
1561 903 1640 962 de
1665 901 1791 963 hoc
1813 901 2103 964 secundo
2137 897 2470 980 agendum

443 990 565 1044 est,

522 1063 870 1138 Loquimur
899 1059 983 1120 de
1014 1060 1263 1121 criterio
1278 1061 1543 1138 proprie
1569 1058 1766 1131 dicto,
1791 1078 2030 1138 nempe
2055 1061 2138 1122 de
2159 1059 2278 1120 illo
2304 1056 2471 1135 quod

444 1141 738 1202 omnibus
775 1139 1270 1218 particularibus
1301 1139 1572 1201 criteriis
1601 1141 1972 1218 implicitum
2031 1145 2152 1212 est,
2215 1141 2472 1215 vimque

440 1223 683 1294 tribuit,
730 1221 1015 1298 ideoque
1042 1225 1139 1280 est
1166 1221 1559 1281 universale.
1619 1221 1780 1282 Sunt
1823 1222 1995 1282 enim
2059 1218 2474 1299 particularia

444 1302 691 1363 criteria
705 1346 720 1372 ,
748 1317 885 1378 quae
902 1300 1340 1378 cognitionum
1364 1300 1790 1378 singularium
1809 1304 2149 1363 veritatem
2168 1297 2470 1360 suadent.

444 1381 577 1443 Sed
605 1383 671 1440 in
699 1381 800 1441 his
827 1378 1085 1441 indiciis
1114 1379 1508 1456 specialibus
1556 1381 1714 1440 latet
1766 1381 2073 1442 indicium
2127 1376 2469 1458 generale,

445 1461 625 1538 quod
654 1461 951 1521 omnibus
981 1460 1172 1527 inest,
1206 1461 1432 1538 eisque
1457 1465 1649 1521 totam
1680 1461 1804 1520 vim
1838 1462 2057 1522 tribuit
2087 1481 2103 1534 ;
2139 1476 2229 1521 en
2290 1460 2469 1518 crite-

444 1543 615 1601 rium
682 1540 970 1601 veritatis
1024 1540 1288 1616 proprie
1351 1538 1614 1601 dictum,
1662 1540 1862 1618 Hujus
1914 1540 2194 1618 proinde
2245 1538 2475 1599 criterii

450 1621 859 1758 chiaracteres
908 1625 1060 1678 sunt
1091 1638 1104 1678 ε
1152 1621 1364 1678 unitas
1409 1626 1476 1680 et
1509 1621 1983 1696 universalitaS,
2043 1619 2351 1698 prioritas
2418 1624 2474 1678 et

447 1701 513 1761 in
545 1700 887 1760 allibilitas.
1776 1748 1778 1750 ,
2165 1703 2169 1705 “

530 1779 710 1840 Circa
728 1778 909 1850 illud,
942 1793 1064 1854 per
1088 1778 1260 1839 viam
1282 1779 1731 1840 eliminationis
1755 1780 2199 1857 procedendo,
2228 1792 2466 1856 quaere-

451 1875 592 1920 mus
626 1862 683 1920 l⁰
713 1857 868 1937 quid
896 1873 1031 1918 non
1058 1859 1159 1930 sit,
1196 1873 1314 1917 seu
1343 1856 1505 1919 falsa
1527 1860 1778 1921 criteria
1793 1861 2212 1937 repellemus,
2235 1862 2302 1920 2⁰
2327 1854 2473 1935 quid

451 1940 555 2014 sit,
587 1955 707 2000 seu
732 1954 959 2000 verum
983 1939 1304 1998 criterium
1337 1938 1910 2003 determinabimus
1942 1945 2008 2002 et
2032 1941 2384 2018 tuebimur.

1193 2087 1626 2150 ARTICULUS
1669 2089 1714 2149 Ι.

1136 2231 1228 2290 De
1266 2229 1458 2304 falsis
1500 2231 1797 2292 criteriis.

532 2365 671 2426 238,
719 2396 797 2410 --
839 2364 1020 2424 Falsa
1064 2364 1319 2424 criteria
1370 2380 1409 2424 a
1461 2365 1654 2424 variis
1684 2363 2056 2425 auctoribus
2101 2362 2373 2426 inducta
2399 2361 2476 2424 ad

458 2443 786 2522 duplicem
820 2445 1095 2504 classem
1122 2443 1352 2504 reduci
1379 2450 1675 2520 possunt.
1711 2443 1918 2503 Prima
1949 2445 2173 2505 classis
2202 2460 2283 2504 ea
2315 2460 2475 2506 com·

454 2526 759 2603 plectitur
789 2539 928 2600 quae
957 2537 1246 2585 normam
1276 2524 1452 2584 illam
1470 2523 1813 2602 judicandi
1832 2526 2240 2600 reponuntin
2262 2526 2478 2600 aliqua

455 2622 532 2665 re
600 2604 957 2664 extrinseca
1012 2608 1145 2663 tum
1200 2603 1435 2679 rationi
1473 2609 1731 2676 nostrae,
1767 2609 1897 2664 tum
1930 2605 2190 2683 objecto
2214 2605 2372 2665 'huic
2402 2603 2476 2664 de

459 2683 645 2761 cujus
673 2685 941 2743 veritate
966 2681 1413 2744 certitudinem
1447 2686 1804 2761 quaerimus,
1831 2684 2379 2745 Secunda-classis
2407 2699 2478 2746 ea

462 2763 911 2903 cogiplectitur
943 2765 1195 2823 criteria
1225 2780 1364 2841 quae
1392 2769 1540 2824 sunt
1578 2779 1753 2823 mere
1806 2766 2149 2825 intrinseca
2191 2764 2475 2843 subjecto

452 2843 527 2923 ju
580 2845 794 2903 icanti,

542 2924 638 2982 De
684 2921 957 2982 criteriis
1007 2922 1353 3000 utriusque
1412 2923 1637 2984 classis
1661 2939 1930 3000 agemus
1961 2923 2030 2983 in
2059 2923 2477 3001 sequentibus

461 3001 1041 3080 propositionibus,

463 3151 602 3214 239.
636 3153 956 3212 —.TnEs1s
987 3153 1034 3211 Ι.
1064 3153 1426 3215 Auctoritas
1452 3156 1584 3219 sive
1611 3155 1902 3215 humana
1928 3157 2058 3215 sive
2094 3155 2320 3217 divina
2367 3169 2478 3216 non

936 3236 1024 3292 est
1052 3235 1319 3294 unicum
1345 3236 1636 3296 veritatis
1663 3236 2017 3296 criterium.

551 3367 692 3426 Haec
744 3363 1102 3440 propositio
1155 3363 1492 3443 duplicem
1554 3367 2015 3445 complectitur
2062 3369 2323 3442 partem
2363 3386 2376 3427 z
2420 3367 2478 3427 in

470 3447 681 3523 prima
709 3447 920 3520 parte,
953 3448 1179 3504 contra
1207 3447 1302 3507 De
1333 3448 1720 3509 Lamennais
1759 3446 2351 3508 demonstrabimus
2370 3447 2473 3507 hu-

475 3539 740 3585 manam
768 3523 1226 3584 auctoritatem
1253 3542 1388 3586 non
1420 3543 1566 3587 esse
1595 3528 1864 3588 unicum
1910 3528 2203 3588 veritatis
2249 3527 2471 3588 criteri-

472 3620 620 3678 um;
667 3602 960 3663 secunda
979 3619 1132 3680 pars
1163 3609 1392 3671 contra
1431 3607 1759 3683 Huetium,
1783 3608 2079 3683 Bautain‚
2122 3610 2282 3682 etc„
2315 3622 2469 3669 asse-
