2650 4242
238 72 293 136 184
418 92 420 97 ·
539 91 718 136 uuvvramuu
738 87 940 135 nuruosovunu

536 255 609 320 §tlt
626 256 668 310 De
683 255 798 310 unitate
811 253 939 310 formali.

273 379 343 440 308.
359 412 399 423 -
413 381 524 442 Unitas
537 379 605 443 hec
620 395 690 456 qua
706 379 863 458 competit
878 382 1041 453 essentiis
1057 383 1096 442 ut
1118 379 1180 452 sic,
1195 380 1240 443 bi·

232 458 347 521 fariam
369 459 468 522 dividi
478 463 599 537 potest.
620 460 720 522 Prout
740 460 879 523 sumitur
898 464 936 522 ut
965 459 1119 524 indivisio
1136 475 1243 522 essen·

231 540 407 614 timeatis,
431 555 552 601 nomen
566 541 758 619 genoricum
777 541 913 603 unitatis
932 540 1088 614 formetis
1110 541 1240 602 retinet.

235 620 335 683 Proui
348 619 529 696 concipitur
542 625 580 681 ut
598 619 727 682 affectio
750 622 899 683 esseutiae
926 619 1158 701 intelligibilis,
1187 636 1243 682 seu

237 699 392 777 competit
427 700 575 761 essentia
608 716 628 761 a
663 700 884 780 singularibus
927 701 1080 777 precisa,
1131 698 1243 760 dieitur

236 778 439 852 universalis,
478 783 535 840 aut
572 779 673 841 etiam
714 781 821 842 unitus
857 781 1004 854 notionis,
1051 780 1134 858 quia
1181 779 1241 841 hec

236 860 344 922 unitas
371 863 509 921 nonest
535 857 642 932 rectu,
666 858 742 921 ideo
769 858 859 937 quod
886 864 1007 935 naturae
1039 860 1243 924 universales

236 955 304 1001 non
324 942 402 1000 sunt
416 943 506 999 extra
521 943 667 1000 mentem
682 939 932 1016 concipientem.
954 939 1066 1003 Unitas
1100 938 1245 1001 formalis

238 1023 288 1081 est
301 1023 368 1080 tota
381 1018 416 1078 in
429 1032 495 1079 uno
505 1017 685 1090 individuo,
702 1017 782 1080 dum
799 1020 907 1082 unitas
922 1019 1118 1083 universalis
1133 1023 1243 1098 nequit

238 1114 311 1162 esse
325 1101 360 1160 in
372 1097 469 1159 unico
483 1096 664 1175 individuo.

275 1179 345 1241 309.
367 1212 407 1223 -
427 1177 530 1253 Queri
543 1182 653 1256 potest
665 1182 777 1240 utrum
789 1178 898 1239 unitas
911 1175 1068 1251 formalia,
1094 1194 1169 1257 que
1181 1194 1242 1241 non

238 1263 289 1321 est
301 1257 504 1331 universatis,
521 1257 581 1318 sed
589 1259 698 1332 realis,
713 1274 750 1320 re
766 1262 822 1320 aut
835 1259 962 1320 ratione
978 1263 1107 1321 tantum
1130 1257 1244 1321 distin-

135 1350 140 1367 *
239 1343 360 1420 guatur
373 1337 414 1398 ab
428 1335 640 1401 individuali?
697 1335 698 1344 ’
1074 1365 1076 1369 -

280 1421 309 1479 10
321 1418 465 1478 Reattten
477 1434 541 1480 non
554 1417 795 1492 discinderentur
807 1420 875 1480 ictae
888 1419 1037 1480 nnitmes.
1053 1417 1220 1484 Probatur
1234 1437 1240 1479 :

237 1497 385 1581 Essentia
398 1496 522 1557 realem
541 1495 628 1558 hanc
642 1512 710 1557 non
730 1495 831 1558 hahet
840 1496 1001 1558 unitatem
1020 1497 1084 1559 nisi
1110 1498 1149 1560 in
1168 1497 1245 1558 indi·

236 1576 357 1639 viduis.
380 1576 475 1652 Atqui
489 1576 596 1637 unitas
609 1574 817 1638 individualis
831 1580 897 1638 stat
909 1576 943 1638 in
958 1577 1108 1639 realitate
1119 1581 1242 1643 ‚natura

237 1654 508 1735 individuael307).
525 1657 609 1734 Ergo
624 1655 826 1733 impossibile
842 1659 942 1717 estut
962 1657 1071 1719 unitas
1099 1654 1242 1720 formalis

160 1800 162 1807 ,
239 1737 280 1800 sit
293 1737 424 1798 realitas
446 1735 599 1798 distincta
613 1735 654 1797 ab
669 1737 798 1797 unitate
813 1734 1014 1798 individuali.

278 1818 311 1877 2⁰
324 1817 458 1877 Ratione
471 1821 579 1876 tomen
599 1817 848 1891 disttnpnnntnn
865 1816 1028 1895 siquidem
1051 1818 1163 1880 unitas
1182 1815 1240 1877 lor·

239 1895 598 2054 Idlgallisffitregsgffmeipi
611 1894 831 1956 abstractione
859 1895 948 1958 lacta
971 1895 1104 1958 unitatis
1131 1895 1243 1968 indivi-

604 2096 818 2160 ARTICULUS
839 2098 876 2160 ll.

418 2243 466 2302 De
477 2241 610 2301 verume
624 2243 653 2299 et
666 2238 807 2313 falsitate
821 2237 1024 2320 ontotoptcu(
1045 2235 1068 2318 ).

618 2369 669 2435 51.
686 2370 727 2424 De
741 2367 877 2425 veritate.

280 2493 350 2556 310.
367 2495 546 2556 —Veritas
566 2491 748 2555 formaliter
762 2497 893 2572 sumpta
911 2493 1129 2566 communiter
1140 2493 1243 2558 defini-

242 2577 295 2636 tur
317 2592 324 2634 :
349 2575 531 2650 adaquant
545 2574 725 2636 intellectus
738 2578 767 2634 et
786 2575 850 2644 net,
885 2574 933 2635 uti
955 2573 1026 2652 jam
1048 2573 1190 2636 diximus
1213 2577 1242 2637 in

241 2654 360 2732 Logica
391 2651 490 2732 (151),
521 2651 600 2714 dum
624 2653 726 2714 locuti
754 2667 869 2714 sumus
884 2653 926 2715 de
940 2655 1078 2716 veritate
1109 2654 1243 2734 ejvsque

241 2734 461 2795 assecutione,
478 2735 549 2794 Haec
564 2731 709 2794 definitio
733 2747 801 2794 non
827 2736 878 2794 est
899 2732 1058 2794 mutanda
1083 2750 1161 2794 cum
1181 2735 1240 2814 agi·

244 2817 295 2874 tur
306 2812 492 2875 decoritate
511 2828 634 2884 rernm,
652 2810 714 2874 sed
729 2817 856 2874 tantum
870 2812 931 2891 rite
946 2812 1158 2890 applicanda;
1175 2831 1243 2876 nam

241 2891 326 2954 sicut
354 2892 542 2954 intellectus
556 2891 674 2953 dicitur
688 2909 785 2954 verus
811 2907 872 2968 per
894 2896 1174 2970 comparationem
1207 2893 1243 2955 ad

240 2987 306 3044 res,
337 2971 383 3033 ita
421 2988 476 3034 res
501 2971 652 3035 dicuntur
678 2987 762 3034 verae
798 2987 861 3051 per
894 2973 1177 3052 comparationem
1206 2974 1242 3038 ad

241 3051 457 3115 intellectum.

281 3133 402 3192 Verum
421 3148 482 3209 per
491 3148 528 3194 se
549 3132 653 3209 primo
675 3132 833 3208 competit
846 3129 1028 3192 intellectui
1049 3148 1149 3210 aquo
1166 3131 1240 3194 deri·

241 3215 336 3274 vatur
362 3210 405 3274 ad
414 3229 483 3287 res;
500 3210 590 3273 unde
604 3226 658 3272 res
672 3210 743 3290 ipsa
758 3226 825 3275 non
835 3210 1108 3287 potesldicivera
1119 3214 1182 3274 nisi
1192 3229 1242 3291 per

240 3416 334 3529 {orguil
358 3419 743 3532 u:⁸?v{;gr{131DeBmw’m
759 3417 785 3480 13
801 3433 829 3484 p.
841 3355 979 3484 Ἱῗςιῗηῖὄ,
993 3355 1176 3482 36ιῖΐῖηὸἷῇ
1198 3369 1242 3468 ἐξ.

258 3515 266 3544 v
302 3495 310 3543 ἱ
370 3497 380 3531 ¹
407 3517 413 3530 ·
447 3515 455 3543 v
513 3517 521 3532 ·
552 3517 558 3530 ·

273 3354 311 3416 (a)
324 3355 396 3406 Hane
415 3355 579 3421 quaesfionem
591 3358 687 3405 tractat
699 3353 828 3420 angelicus
