2650 4242
390 287 715 335 -mffimu
807 307 811 316 ‹
1039 273 1096 336 M

68 405 225 476 sentiret,
243 406 334 486 juxta
352 404 573 483 hypothesim,
599 409 678 467 tuno
701 403 798 464 simui
812 407 948 467 sentiret
971 410 1004 467 et
1026 421 1094 468 non

74 488 227 557 sentiret,
252 484 341 563 quod
362 487 573 562 negationem
588 483 738 563 principii
755 484 1021 546 contradictionis
1032 487 1092 548 im-

74 569 368 707 ρο1111111111ιῖτμη
385 643 562 704 dicendum
578 648 638 705 est.
650 645 768 708 Namsi
779 643 944 706 accideret
956 648 1002 716 ut,
1016 623 1094 707 dum

74 740 200 785 sensus
222 726 370 785 internus
393 724 515 802 aliquid
540 728 650 796 sentit,
678 725 768 787 aliud
792 730 903 786 tamen
928 725 1094 785 diversum
1126 751 1129 758 Δ

75 807 279 882 perciperet,
296 813 372 865 tunc
387 805 485 876 etiam
500 805 596 865 simui
611 805 732 884 aliquid
747 807 882 867 sentiret
898 809 930 864 et
941 819 1007 865 non
1019 821 1092 866 sen-

74 887 167 946 tiret.
183 886 266 962 Ergo
281 889 353 947 sine
368 883 537 945 manifesta
553 885 754 946 absurditate
770 889 803 946 in
814 885 989 948 discrimen
1000 901 1093 947 revo-
1188 933 1191 948 .

77 966 150 1024 cari·
161 966 279 1043 nequit
292 964 450 1027 veracitas
464 981 582 1025 sensus
597 967 729 1027 interni.

120 1045 310 1105 Generatim
337 1059 417 1120 ergo
443 1043 586 1120 implicat
617 1045 909 1106 contradictionem
937 1049 993 1105 aut
1022 1045 1091 1106 dari

74 1124 245 1188 actionem
260 1125 331 1185 sine
345 1124 488 1204 objecto,
506 1130 562 1184 aut
578 1127 645 1185 iteri
656 1126 882 1202 operationem
893 1127 972 1202 quin
983 1129 1084 1186 tamer

72 1219 186 1283 agens
201 1209 288 1283 agat.
1083 1235 1085 1240 ·

120 1287 191 1346 Haec
206 1285 314 1345 brevis
328 1284 476 1359 probatio
491 1281 611 1344 sufficit
631 1283 741 1362 quoad
765 1282 936 1346 veritatem
960 1283 1002 1346 de
1028 1299 1094 1360 qua

76 1365 177 1426 homo
193 1380 279 1425 sanae
294 1366 412 1424 mentis
426 1379 596 1440 nunquam
613 1363 763 1426 dubitare
779 1370 897 1442 potest.

79 1482 150 1542 180.
181 1515 220 1523 -
247 1483 354 1540 Tussis
382 1480 419 1539 11.
449 1480 646 1540 Conscientia
673 1480 833 1554 foim'totis
862 1480 961 1554 orpui
985 1481 1094 1554 nequit

118 1561 331 1637 quoodjttdic
342 1562 367 1619 'a
382 1574 521 1636 quorum
537 1561 722 1621 immediate
731 1560 853 1635 prabet
868 1560 1051 1620 ottoteriaot.

119 1677 190 1737 iiaeo
204 1673 396 1751 propositio,
412 1671 497 1732 sicut
510 1673 669 1750 superior,
683 1689 750 1758 non
762 1672 1015 1748 demonstratur,
1032 1674 1092 1736 sed

73 1755 272 1817 declaratur.

120 1839 151 1898 1⁰
167 1837 288 1911 Nepari
299 1834 408 1908 nequit
421 1834 488 1892 sine
502 1833 761 1893 contradictione.
780 1833 841 1907 Qui
854 1832 940 1894 hanc
963 1834 1089 1894 veraci-

78 1920 181 1976 tatem
205 1916 238 1975 in
264 1913 400 1974 dubium
423 1918 602 1983 revocaret,
629 1911 804 1974 affirmaret
826 1930 860 1974 se
880 1914 1030 1974 dubitare
1048 1914 1094 1974 de·

74 1997 266 2058 testimonio
291 1993 507 2053 conscientie.
530 1997 635 2069 Atque
660 1991 791 2053 nonnisi
820 1993 874 2053 1111
901 1995 1085 2054 testimonio

74 2075 220 2145 innisus,
236 2089 333 2134 suum
348 2071 482 2132 dubium
496 2070 658 2132 affirmare
678 2076 798 2148 potest,
823 2073 988 2150 siquidem
1011 2071 1091 2133 illud

74 2156 218 2216 dubium
233 2152 415 2214 estfactum
433 2154 609 2212 internum.
635 2153 718 2230 Ergo
745 2150 966 2213 testimonium
992 2167 1092 2214 cons*

74 2236 204 2296 cientiae
219 2233 316 2294 simul
330 2236 366 2292 ut
379 2248 494 2292 verum
510 2239 542 2292 et
553 2230 674 2291 falsum
690 2233 877 2293 haberetur.

116 2319 150 2377 2⁰
164 2316 232 2375 Huc
248 2315 347 2374 etiam
361 2314 425 2372 vim
438 2313 562 2372 obtinet
573 2317 805 2389 argumentum
816 2313 967 2389 superius
979 2309 1094 2372 datum>

74 2412 137 2471 pro
162 2411 265 2455 sensu
292 2396 431 2452 interno.
458 2392 492 2451 11
516 2391 712 2451 immediatis
741 2394 945 2454 conscientiae
955 2392 1090 2470 judiciis

73 2491 170 2536 error
183 2490 299 2535 revera
314 2481 401 2532 esset
415 2471 442 2530 si
457 2473 488 2530 11
504 2472 655 2546 subjecto·
671 2473 859 2532 consciente
879 2488 945 2532 non
970 2472 1090 2532 existe·

74 2560 126 2616 ret
141 2570 183 2616 ea
198 2554 338 2623 affectio,
355 2567 455 2629 quam
469 2552 665 2611 conscientia
680 2553 854 2624 renuntiat,
872 2567 911 2610 eo
926 2553 996 2627 ipso
1009 2559 1090 2611 tem·

74 2652 158 2712 pore
176 2651 241 2712 quo
256 2649 330 2693 eam
344 2635 452 2692 sentit.
469 2633 563 2707 Atqui
577 2632 720 2708 aliquam
736 2631 943 2692 affectionem
968 2634 1090 2692 sentiro

75 2715 168 2776 idem
191 2715 289 2791 piane
315 2719 364 2772 est
387 2728 425 2771 ac
450 2711 537 2770 iliam
550 2712 690 2784 babere;
708 2712 897 2787 apparentia
913 2711 1001 2770 enim
1015 2711 1089 2770 heio

76 2796 148 2856 dari
172 2794 288 2870 nequit
311 2808 329 2851 a
352 2792 499 2852 realitate
524 2790 669 2858 diversa:
696 2807 773 2851 nam
802 2792 993 2866 apparentia
1021 2791 1089 2850 haec

76 2880 169 2936 esset
188 2875 260 2952 ipsa
290 2871 420 2932 affectio
446 2870 596 2948 subjecti,
624 2886 746 2949 nempe
771 2872 902 2932 realitas
930 2874 1086 2932 consita.

74 2957 117 3016 Er
142 2971 176 3014 ο.

116 2972 366 3112 ἕο8111111111
393 3028 564 3090 consciens
588 3034 621 3091 et
649 3030 817 3108 objectum
844 3028 1090 3106 apprehensum

74 3120 156 3175 sunt
170 3130 274 3174 unum
288 3110 365 3187 quid
380 3116 413 3171 et
428 3109 515 3169 idem
532 3111 662 3170 realiter
680 3131 686 3171 :
705 3109 794 3170 undo
811 3109 939 3172 affectio
955 3125 1021 3170 non
1033 3125 1090 3185 po-

74 3200 143 3255 test
158 3210 232 3254 esse
247 3194 277 3250 in
293 3199 394 3252 sensu
408 3190 560 3269 subjecti,
575 3191 637 3250 nisi
652 3206 691 3251 eo
708 3189 805 3251 modo
827 3205 891 3266 quo
918 3194 968 3249 est
991 3189 1091 3249 reali-

72 3283 125 3337 tas
141 3273 314 3353 objectiva.
1078 3309 1079 3313 =
1094 3303 1096 3312 .

116 3355 188 3415 181.
216 3386 253 3396 -
277 3350 455 3413 8111111111.
479 3349 592 3409 OmnIs
612 3346 773 3408 certitudo
789 3349 972 3425 subjectiva,
991 3351 1090 3408 etiam

73 3432 228 3511 principii
243 3430 519 3497 contradictionis,
536 3433 659 3488 certam
674 3431 828 3505 supponit
843 3431 1088 3494 conscientiam,

73 3516 195 3576 saitem
222 3513 260 3573 de
285 3513 394 3584 atiquo
418 3515 541 3570 interro
565 3509 663 3580 socio.
690 3509 818 3567 Etenim
842 3510 869 3568 si
896 3511 968 3585 quis
993 3507 1035 3568 de
1051 3508 1089 3565 iis

76 3595 316 3668 omnibusque
332 3591 440 3654 seuit,
458 3587 628 3656 dubitaret,
646 3585 792 3662 profecto
810 3586 851 3647 de
863 3589 900 3648 iis
916 3590 1015 3648 etiam
1030 3586 1088 3647 du-

76 3676 197 3736 bitaret
233 3669 499 3751 perceptionibus
538 3667 656 3744 quibus
684 3669 838 3745 cognovit
863 3670 1100 3730 necessitatem·

423 3782 505 3831 B'nuv.
519 3781 594 3829 Pnru.
609 3779 640 3828 Τ.
653 3779 675 3828 Ι.
689 3805 720 3818 -
733 3779 748 3828 8
