2650 4242
196 161 256 223 270
501 172 681 221 emeramus
701 170 908 214 ricinosornnn

197 308 225 348 sc
242 281 418 346 c'dccatitctem
440 291 484 342 val
512 288 730 355 discrepantiam
750 287 930 353 percipimus.
956 284 1038 339 Unde
1064 284 1123 339 tria

198 360 412 419 consideranda
433 358 547 413 suntin
575 356 712 412 raticinio
729 372 736 411 :
754 357 781 411 l⁰
796 354 881 426 ideae,
906 359 937 410 2⁰
957 354 1077 424 Judicia.
1093 354 1122 407 5³

198 446 293 491 nexus
309 430 499 501 jndiciorum
1180 427 1216 481 44

233 504 399 557 Aatcccdcns
409 502 455 554 est
469 500 500 553 id
514 498 551 553 de
565 513 624 569 quo
640 496 781 552 infertur.
799 496 978 565 Consequens,
994 496 1024 549 id
1048 495 1127 565 quod

200 572 339 628 infertur.
356 572 554 637 Consequentia
569 571 615 623 est
628 570 711 623 recta
726 566 800 621 ratio
815 566 972 639 inferendi,
989 580 1041 621 seu
1064 567 1128 637 ipsa

200 642 348 700 ratiocinii
363 641 467 695 forma.
1185 639 1223 691 45

234 715 447 782 Arpurncntutic
461 711 583 780 quaeest
593 708 711 778 signum
721 708 878 773 ratiocinii,
890 706 1030 765 definitur
1042 728 1047 761 :
1062 708 1130 763 Orc·

201 788 240 840 tio
254 800 310 853 quc
322 784 471 851 propositio
486 796 545 834 unc
560 796 593 833 cc
608 782 668 833 citio
682 781 818 846 infertur.
842 814 847 819 -
1186 780 1224 833 45

237 858 338 909 Forma
352 855 468 920 simplas
481 850 629 905 ratiocinii
657 850 704 903 est
722 848 921 918 syllogismus,
943 863 1050 919 nempe
1068 850 1130 904 haec

201 924 420 996 argumentatio
442 937 508 992 qnae
532 922 628 976 trihus
655 918 907 989 propositionibus
935 921 1061 991 constat,
1091 922 1134 975 ita

203 994 432 1064 intersecans,
448 996 481 1047 ut
496 992 610 1046 duabus
622 990 729 1061 postis
743 990 833 1044 tertia
847 992 1015 1045 necessario
1030 1005 1133 1046 conse·

224 1069 321 1122 natur.

202 1082 223 1138 q
238 1137 388 1192 Elementa
403 1132 566 1202 syllogismi
581 1130 802 1186 deseribuntur.

593 1255 793 1310 ARTICULUS
808 1256 840 1309 ΙΙ.

546 1370 583 1423 Dc
598 1370 701 1437 tepidus
713 1368 877 1436 syttopismc'.

240 1486 333 1555 Leges
348 1483 520 1553 syllogismi,
533 1498 598 1553 quae
610 1485 770 1537 versantur
779 1484 896 1537 tantum
907 1483 985 1537 cirea
999 1486 1139 1539 materia-

208 1556 265 1611 lem
280 1556 477 1609 terminorum
492 1559 522 1607 et
539 1553 776 1623 propositionum
792 1552 1020 1624 colligationem,
1050 1554 1140 1623 Juxta

205 1626 407 1696 Aristotelem,
417 1627 487 1680 sunt
502 1638 626 1677 numero
641 1627 709 1678 octo
735 1622 876 1677 Nituntur
889 1624 1035 1694 principio
1056 1625 1141 1679 iden-

205 1696 321 1753 citatis:
339 1697 408 1763 (qua
422 1700 488 1747 sunt
503 1696 596 1747 cadem
612 1698 665 1747 uni
680 1697 770 1764 turtio,
788 1698 854 1747 scot
877 1694 971 1747 ecdem
984 1698 1062 1748 inter
1085 1694 1139 1767 sc,)

207 1770 238 1823 et
250 1767 396 1837 principio
412 1765 653 1819 contradictionis
670 1764 761 1832 :(l)co
771 1780 892 1831 quorcica
901 1780 991 1829 unu-m
1005 1780 1061 1818 non
1076 1782 1140 1821 con·

207 1840 283 1891 uenit
305 1853 369 1889 cum
394 1838 623 1905 truttenhusium
646 1850 710 1887 uero
725 1838 860 1906 conuenit,
891 1850 947 1888 non
971 1840 1140 1891 conueniunt

207 1912 283 1963 inter
298 1906 348 1977 sc),
365 1906 472 1976 quibus
492 1920 619 1975 sequens
633 1904 753 1961 additur
765 1905 847 1973 :wau
861 1920 981 1972 quorum
1005 1912 1141 1961 neutrum

208 1994 273 2033 cuci
297 1980 377 2031 tertio
401 1979 527 2029 conuenit
550 1980 690 2045 cssuaupto
718 1978 793 2029 icta-r
807 1992 834 2029 sc
862 1979 1007 2029 convenire
1025 1972 1067 2031 u'ct
1083 1994 1141 2032 noa

209 2051 354 2103 conuenire
369 2047 508 2115 possunt).
525 2046 656 2101 Primum
673 2048 807 2119 effatum,
820 2050 910 2117 prout
925 2046 1076 2103 dialectice
1086 2062 1139 2119 ap-

208 2120 347 2191 plicatur,
363 2120 469 2171 dictum
482 2119 514 2171 dc
524 2120 612 2181 urici,
628 2116 793 2186 nuncupari
808 2118 897 2188 solet3
913 2118 1040 2172 alterum
1055 2134 1140 2190 vero,

209 2191 316 2244 dictum
324 2192 357 2242 dc
370 2190 459 2243 cutio.

246 2262 306 2327 ecc.
323 2262 343 2315 Ι.
354 2261 437 2313 vetat
452 2272 489 2311 ne
502 2256 604 2326 plures
617 2258 667 2312 val
680 2257 834 2327 pauciores
849 2258 908 2311 sint
922 2259 1043 2315 termini
1052 2274 1142 2331 quam

210 2334 286 2402 tres,
301 2330 431 2399 alioquin
446 2343 505 2382 non
521 2327 728 2382 verificaretur
747 2326 877 2381 definitio
892 2329 1065 2399 syllogismi.

246 2403 307 2468 Ilcy.
324 2402 355 2454 ll.
372 2398 511 2469 prohibet
524 2400 670 2467 majorem
684 2399 887 2453 extensionem
903 2402 1098 2457 terminorum
1108 2402 1139 2457 iu

212 2472 401 2527 conclusione
414 2484 503 2539 quam
514 2469 544 2521 in
553 2467 724 2541 praemissis
741 2471 775 2523 ut
788 2482 895 2523 revera
908 2470 938 2523 in
954 2472 1142 2527 conclusione

212 2541 301 2597 iidem
316 2540 505 2611 reperiantur
520 2540 638 2593 termini
653 2540 684 2593 in
697 2540 859 2609 praemissis
874 2542 1045 2610 comparati.

249 2614 310 2679 sep.
326 2614 369 2665 ΙΙΙ.
386 2626 403 2665 a
417 2610 606 2665 conclusione
620 2611 751 2665 medium
766 2614 909 2682 removet,
935 2626 972 2667 ne
992 2612 1141 2669 conclusio

215 2682 254 2738 sit
268 2697 346 2737 nora
359 2680 550 2751 comparatio.

250 2755 310 2821 ch.
324 2754 370 2807 IV.
387 2751 484 2806 medlo
499 2750 754 2805 universalitatem
763 2750 902 2821 vindicat,
919 2752 1024 2807 saltem
1038 2754 1068 2808 in
1083 2768 1143 2810 una

214 2837 253 2949 ἓξ
266 2822 438 2904 praemissis,
454 2824 488 2876 ut
497 2820 679 2891 comparatio
694 2824 894 2877 extremorum
909 2837 977 2877 cum
992 2824 1079 2879 unico
1093 2824 1144 2881 fiat

246 2906 354 2948 rm1n0.

250 2965 312 3031 Ray.
328 2966 361 3018 V.
379 2963 488 3019 Statuit
498 2961 609 3017 nullam
624 2976 689 3017 esse
700 2961 917 3019 conclusionem
927 2974 964 3019 ex
976 2965 1137 3035 praemissis

215 3034 337 3090 realiter
350 3033 539 3104 negantibus.

215 3106 313 3231 afl{lap
329 3103 519 3229 Vpbexcludit
531 3104 750 3159 conclusionem
766 3105 922 3173 negantem
937 3119 974 3159 or
986 3108 1148 3175 praemissis

267 3189 375 3229 rmaui
397 3189 442 3230 us.

251 3248 312 3313 lisy.
330 3246 386 3300 Vll.
401 3246 492 3299 Docet
505 3245 727 3300 conclusionem
738 3257 803 3298 esse
822 3245 1001 3315 participem
1017 3248 1148 3305 omnium

216 3315 386 3440 άοΐθὲξυῐυω
406 3314 638 3387 premissam,
654 3317 787 3385 spectata
816 3315 875 3369 sive
895 3317 1070 3386 quantitate,
1086 3320 1148 3376 sive

217 3400 276 3457 qna
312 3400 370 3439 ae.

254 3457 398 3583 minum*
414 3454 550 3526 prohibet
578 3468 617 3509 ne
629 3454 724 3510 illatio
738 3469 775 3510 ex
794 3452 907 3511 duabus
919 3456 1148 3527 particularibus

217 3538 291 3583 orna
341 3536 355 3597 ,4,
1176 3555 1180 3563 ·
