2650 4242
924 276 1156 321 LosmAE
1196 275 1342 321 PARS
1386 278 1446 320 11.
2092 265 2208 326 129

162 393 348 450 mter
377 394 582 452 testes
622 389 927 452 nonnulli
968 394 1147 450 certo
1190 388 1644 450 invenirentur
1686 390 1798 468 qui
1843 391 2193 470 impuden-

164 474 274 530 ter
313 472 582 532 mentiri·
619 468 1003 542 noluissent,
1036 473 1151 529 aut
1178 469 1824 534 saltem‘constanter
1853 477 1921 535 et
1948 478 2193 538 unifor-

160 549 371 610 miter
395 550 653 612 mentiri
693 564 827 611 non
857 552 1243 626 potuissent.

246 631 423 707 Ergo
458 633 513 693 1⁰
555 646 786 691 omnes
838 635 1042 691 testes
1087 645 1222 690 non
1265 632 1626 705 potuerunt
1664 629 1734 690 in·
1771 630 1951 694 idem
2003 650 2187 694 mena

165 707 437 770 dacium
508 710 853 771 convenire
900 708 1140 770 eodem
1201 710 1378 769 bono
1422 707 1644 781 illecti,
1693 713 1764 770 et
1806 713 1893 787 2³,
1942 718 2193 778 eti-anmi

163 796 441 865 pactum
506 790 668 851 illud
736 788 1220 867 subaudiretur,
1285 804 1424 849 non
1484 791 1856 865 potuissent
1903 796 1990 854 ita
2037 814 2193 858 rmn-

164 867 478 1009 corditerl
503 867 834 932 testificari
874 875 950 931 ut
983 884 1181 931 nemo
1226 867 1637 930 audientium
1679 868 1980 934 fraudem
2009 874 2193 938 deto-

161 964 332 1026 gere
378 966 454 1010 va
481 954 607 1010 eat.

246 1030 418 1107 Ergo
464 1030 909 1090 testimonium
947 1028 1331 1090 historicum
1397 1027 1750 1105 aliquando
1809 1030 1900 1092 ita
1970 1038 2189 1098 evadit

164 1113 425 1169 certum
467 1114 543 1169 ut
578 1107 780 1169 fidem
823 1111 1089 1187 plenam
1128 1107 1348 1169 faciat.

241 1189 383 1250 209.
418 1223 499 1232 —-
524 1188 891 1266 Aliquando
939 1193 1141 1249 testes
1179 1187 1374 1264 pauci
1419 1185 1753 1248 sufficiunt
1795 1189 1878 1250 ad
1920 1191 2185 1267 plenam

158 1265 365 1328 fidem
446 1267 839 1343 faciendam,
928 1265 1193 1346 quando
1250 1267 1497 1328 scilicet
1562 1265 1810 1328 factum
1880 1282 2189 1334 enarrzmt

161 1363 387 1408 coram
429 1349 506 1410 iis
550 1349 661 1427 qui
709 1352 765 1411 1⁰
808 1349 1070 1411 aliunde
1112 1347 1275 1409 illud
1316 1345 1559 1407 factum
1603 1362 2004 1425 cognoscere
2041 1373 2185 1426 pus*

158 1439 338 1502 sunt,
396 1431 462 1489 2⁰
507 1429 589 1489 de
636 1430 745 1489 tali
790 1428 963 1490 facto
1025 1426 1272 1506 aliquid
1320 1429 1650 1498 timerent,
1715 1430 1783 1489 3⁰
1844 1434 2057 1505 poenis
2121 1442 2185 1494 υτ,

159 1509 504 1569 tormentis
545 1508 906 1570 mendaces
950 1507 1351 1583 compellere
1394 1508 1636 1566 valent.

235 1589 309 1648 In
336 1589 461 1648 hac
493 1589 666 1648 enim
693 1589 1043 1668 hypothesi
1067 1586 1342 1647 indubie
1373 1590 1629 1646 constat
1672 1583 1756 1647 de
1784 1589 2177 1666 veriloquam

150 1680 310 1728 nam
360 1671 421 1730 1⁰
460 1669 638 1729 nulla
682 1685 836 1746 spes
878 1670 1043 1728 alios
1087 1665 1460 1743 decipiendi
1504 1670 1705 1726 testes
1756 1675 1997 1741 manet,
2069 1690 2177 1746 qm

149 1748 218 1807 20
266 1751 407 1808 tuto
451 1750 708 1810 mentiri
752 1752 1115 1826 nequeunt,
1163 1751 1232 1807 et
1275 1744 1518 1806 exinde
1578 1745 1758 1806 nulla
1821 1748 2177 1824 cupiditate,-

149 1826 396 1888 adduci
438 1834 795 1905 potuerunt
863 1827 947 1888 ad
1010 1824 1484 1888 contumaciter
1550 1826 2029 1890 mentiendum.
2113 1842 2171 1890 11]

147 1902 334 1968 hisce
381 1908 711 1986 adjunctis
758 1912 1012 1970 constat
1041 1906 1124 1967 de
1166 1905 1543 1969 veracitate.

226 1989 327 2049 De
402 1991 674 2050 scientia
740 1993 915 2049 certa
974 1985 1368 2064 caeteroquin
1439 1987 1739 2048 constare
1810 1989 2029 2061 potest
2097 2006 2170 2046 m:

142 2072 388 2129 natura
427 2067 581 2130 facti
632 2088 646 2130 ε
695 2069 749 2128 si
803 2069 1037 2147 agitur,
1082 2083 1143 2130 v.
1190 2081 1296 2145 g.‚
1365 2063 1449 2124 de
1498 2064 1825 2125 occisione
1889 2066 2173 2146 alicujua

141 2147 453 2220 hominiS,
504 2147 586 2210 de
633 2148 1087 2209 combustione
1133 2145 1412 2223 alicujus
1444 2143 1744 2214 civitatiS,
1796 2148 1918 2206 etc.

219 2229 367 2289 210.
415 2261 492 2271 —-
523 2230 880 2290 Scholt'um.
929 2226 1092 2288 1llud
1121 2225 1569 2287 testimonium
1595 2223 1806 2302 gignit
1838 2228 2065 2286 certitu
2081 2226 2165 2286 fli-

139 2323 301 2367 nem
344 2310 665 2369 moralem
705 2308 891 2389 (170),
927 2325 1068 2385 quae
1110 2307 1177 2366 in
1218 2305 1512 2366 moribus
1542 2303 1879 2364 hominum
1907 2305 2161 2370 nititur:

136 2403 298 2447 nam
362 2389 600 2450 veritas
662 2389 1014 2455 testimonii
1069 2386 1238 2447 illius
1298 2383 1614 2445 fundatur
1671 2383 1739 2443 in
1803 2389 2161 2446 constantia

136 2467 373 2544 legum
414 2468 787 2539 moralium;
834 2468 989 2528 licet
1030 2467 1301 2546 physice
1346 2463 1656 2541 possibile
1702 2463 1784 2523 sit
1831 2469 1904 2523 ut
1950 2465 2161 2526 hoini-

140 2562 263 2607 nes
317 2547 387 2607 in
433 2548 613 2617 hisce
679 2549 1005 2622 adjunctis
1087 2547 1276 2606 aliter
1357 2547 1737 2620 operentur,
1797 2549 1898 2604 est
1941 2548 2161 2606 tami-11

137 2627 486 2687 moraliter
511 2628 906 2705 impossibile
934 2631 1010 2687 ut
1047 2627 1235 2688 aliter
1263 2628 1486 2702 agant.

221 2707 433 2784 Leges
454 2707 572 2769 illae
592 2709 875 2768 morales
900 2707 1137 2785 quibus
1153 2704 1419 2766 fulcitur
1441 2701 1877 2764 testimonium
1903 2701 2153 2762 histo1=i=

143 2801 316 2853 cum,
363 2792 517 2846 sunt
557 2793 917 2865 sequentes
965 2807 979 2847 ε

226 2867 270 2924 Ι·
297 2868 450 2929 Lex.
498 2871 699 2928 Homo
739 2866 1131 2929 naturaliter
1182 2878 1408 2923 verum
1464 2861 1724 2937 appetit,
1773 2863 1839 2919 et
1879 2861 2009 2921 haec
2053 2862 2157 2922 lvx

141 2948 406 3021 respicit
448 2948 808 3008 scientiam.
859 2949 1082 3024 ltaque
1142 2941 1406 3022 quando
1457 2942 1591 3001 veri
1635 2940 1964 3016 inquisitio
2029 2958 2157 3002 nau

141 3029 241 3084 est
282 3026 630 3096 laboriosa,
665 3043 790 3088 nec
822 3027 966 3107 eJus
993 3023 1431 3103 apprehensio
1466 3018 1910 3094 incommoda,
1958 3020 2153 3082 hum]

135 3103 299 3165 illud
342 3107 779 3184 amplectitur.
1057 3168 1067 3178 ,

216 3186 293 3245 11·
318 3186 469 3247 Lex,
504 3191 704 3248 Homo
732 3187 989 3248 nonnisi
1011 3198 1234 3246 amore
1263 3181 1416 3241 boni
1439 3177 1592 3259 (sive
1619 3177 1812 3238 realis
1839 3178 1970 3238 sive
1988 3194 2157 3252 prm-

131 3265 398 3345 sumpti)
430 3270 519 3328 ad
560 3269 953 3342 operandum
996 3270 1051 3326 et
1081 3264 1507 3339 appetendum
1545 3257 1924 3348 impellitur:
1971 3258 2155 3318 Urnis]

129 3360 267 3405 non
308 3351 618 3408 mentitur
659 3348 798 3408 sine
829 3361 1051 3418 causa,
1094 3341 1163 3403 id
1194 3346 1317 3414 est,
1351 3339 1492 3400 sine
1522 3339 1742 3415 aliqua
1782 3338 2057 3398 utilitate
2089 3342 2153 3398 in

126 3423 481 3488 mendacio
515 3428 802 3505 quaesita.
1564 3497 1576 3508 ,
1620 3496 1632 3508 ·
1910 3495 1922 3508 ,

209 3506 372 3567 Hinc
400 3511 475 3567 ut
504 3506 947 3569 testimonium
978 3504 1062 3565 sit
1086 3501 1348 3570 falsum,
1390 3500 1746 3574 requmtur
1770 3499 1844 3556 ut
1872 3498 1956 3557 sit
1982 3498 2154 3556 obex.

128 3601 261 3662 quo
306 3587 707 3664 impediatur
750 3586 1062 3664 cognitio,
1108 3583 1214 3645 vel
1280 3583 1355 3641 ut
1422 3579 1507 3639 sit
1565 3575 1835 3655 aliquod
1903 3575 2153 3640 honuni

125 3665 475 3729 mendacio
520 3667 977 3729 obtinendum.

734 3777 738 3781 ·
822 3764 985 3813 Bnnv.
1015 3761 1165 3811 Pmn.
1197 3758 1259 3808 T.
1289 3757 1331 3805 Ι.
1358 3780 1422 3792 -
1444 3751 1476 3802 9
