2650 4242
398 289 400 294 Ι
454 230 544 275 mcxx
565 231 759 277 siccaneas,

495 346 693 402 ARTICULUS
712 347 733 401 l.

493 452 531 536 lie
544 454 726 521 conceptibus.

446 556 470 607 l.
487 555 555 617 Quid
568 558 612 606 θεῖ
625 556 780 622 conceptusl

140 653 306 723 Conceptus
316 653 363 708 est
377 654 541 711 similitudo
556 656 665 726 objecti
680 656 710 709 in
725 658 825 713 mente
840 655 979 711 existens.
993 656 1032 710 At

103 727 206 781 tamen
234 723 336 778 sedulo
359 724 586 795 distinguendus
609 729 655 781 θεῖ
670 730 832 795 conceptus
852 740 870 779 a
887 726 1031 797 phantas-

105 798 186 850 mate
209 794 439 864 imaginationis,
473 796 553 866 quod
577 810 695 866 semper
720 795 830 868 aliquid
850 795 1031 852 individuale
1138 800 1141 803 “

105 864 235 936 exhibet,
252 864 322 920 dum
342 869 502 937 conceptus
525 868 672 922 abstrahit
695 868 730 922 ab
753 869 833 922 omni
856 866 1032 923 individuali

106 935 285 992 conditione.
297 936 471 1007 Conceptus,
487 941 598 1009 praeter
612 938 685 993 alias
699 938 920 1009 appellationem
938 940 1032 992 tarmi-

107 1022 162 1061 nus
172 1011 372 1079 nuncupatur,
389 1010 417 1063 1⁰
427 1008 497 1078 quia
511 1008 542 1063 id
556 1010 602 1063 θεῖ
617 1011 697 1064 ultra
707 1009 786 1079 quod
796 1023 856 1064 non
874 1008 1030 1079 progredi-

106 1078 325 1205 turstanalffisss
349 1082 380 1133 2⁰
403 1080 472 1149 quia
500 1078 718 1149 quodammodo
742 1082 907 1135 extremam
926 1078 1033 1151 judieii

106 1162 146 1219 pa
177 1163 224 1202 em
270 1162 330 1202 ne.

143 1219 308 1288 Conceptus
318 1220 465 1289 objectum
480 1221 672 1276 scientiarum
683 1220 847 1276 constituit.
862 1219 1029 1292 Conceptus

107 1290 188 1344 enim
202 1290 378 1346 abstrahunt
389 1291 425 1346 ab
440 1293 520 1347 omni
530 1291 775 1355 individuatione‚
788 1306 822 1345 ac
830 1290 957 1363 proinde
971 1305 1033 1362 pree

108 1358 252 1486 ffiufgubllllit
270 1361 342 1431 quid
355 1362 539 1418 immutabile
552 1365 711 1433 :jamvero
726 1362 849 1418 scientia
864 1365 910 1418 est
924 1362 961 1417 de
974 1364 1033 1418 im-

424 1536 600 1601 IlQuotuplox
614 1535 646 1585 sit
659 1535 811 1601 conceptusi

147 1638 312 1709 Conceptus
328 1638 420 1695 dividi
434 1641 533 1709 potest
549 1657 557 1693 ι

146 1712 158 1766 l
186 1712 227 1766 llx
241 1712 327 1781 parte
342 1710 422 1765 modi
435 1725 493 1781 quo
509 1710 659 1780 obJectum
674 1710 851 1779 concipitur,
868 1709 897 1763 1⁰
911 1710 944 1762 in
970 1709 1031 1761 cla-

110 1796 179 1836 rum
193 1786 219 1835 et
233 1783 391 1842 obscurum,
417 1784 447 1835 2⁰
461 1784 494 1835 in
508 1782 673 1835 distinctum
690 1782 720 1834 θῖ
735 1781 891 1848 confusum.
908 1778 1036 1834 Distine-

110 1855 162 1909 tus
185 1864 292 1907 rursus
314 1854 360 1907 est
385 1854 532 1920 completus
546 1852 595 1907 vel
609 1853 801 1919 incompletos.
824 1850 975 1919 Cornpleius
989 1852 1035 1905 θεῖ

111 1925 273 1990 adaquatos
299 1922 348 1977 vel
372 1923 577 1991 inadequotus.
593 1922 624 1975 3⁰
647 1919 777 1977 Tandem
806 1923 967 1992 conceptus
989 1922 1038 1976 θεῖ

112 1994 352 2062 comprehensivas
361 1993 409 2047 vel
423 1995 647 2061 apprehensione

148 2064 300 2120 saisitum.
312 2062 480 2133 Complexio
489 2066 628 2119 notarum
639 2062 747 2133 quibus
757 2061 950 2117 constituitur
960 2060 1036 2132 idea,

112 2136 316 2204 omnprebensio
345 2134 463 2197 dicitur,
494 2134 565 2190 dum
588 2132 751 2203 amplitudo
766 2132 841 2188 ideae
854 2132 887 2187 in
900 2131 1037 2202 pluribus

112 2206 161 2331 νθὲ
183 2205 371 2277 paucioribus
394 2204 557 2261 individuis
569 2202 833 2277 repraesentandis,
849 2205 968 2258 ostensio
982 2218 1039 2259 vo·

113 2290 148 2332 oa
162 2290 208 2332 ur.

147 2348 170 2401 ll
193 2348 236 2402 lix
261 2348 348 2416 parte
367 2345 486 2415 objecti,
512 2347 673 2415 conceptus
686 2343 832 2403 dividitur
845 2344 877 2399 in
891 2348 995 2399 reatem
1009 2345 1041 2399 et

113 2421 245 2543 {ffliwm‘
260 2417 339 2472 ldem
349 2418 456 2472 sonant
470 2417 591 2471 termini
602 2419 702 2484 priene
712 2418 877 2470 intentionis
892 2418 922 2471 θῖ
937 2430 1040 2469 secun-

168 2490 343 2543 intentionis.

503 2584 702 2640 ARTlCULUS
712 2584 744 2639 ll.

452 2692 488 2745 De
502 2692 589 2758 siqms
603 2694 793 2758 conceptuum.

522 2796 542 2845 1.
557 2795 631 2859 Signi
644 2792 723 2843 notio.

152 2896 275 2966 Signum
292 2897 338 2951 est
352 2894 383 2950 id
396 2909 484 2949 omne
497 2894 526 2948 in
536 2908 596 2964 quo
605 2892 692 2954 ,aliud
706 2891 906 2962 cognoscitur.
919 2891 1043 2961 signum

115 2970 163 3022 θεῖ
177 2967 310 3021 naturale
324 2966 373 3021 vel
387 2968 606 3019 conuentionaie.
624 2962 708 3030 Quod
723 2961 894 3018 manifestat
907 2960 1000 3032 ideas,
1011 2960 1042 3015 id

115 3037 236 3107 signum
258 3036 392 3092 idearum
407 3039 463 3091 est.
485 3035 613 3105 Loquela
636 3033 771 3089 idearum
786 3034 904 3103 signum
923 3030 1043 3102 perfec-

115 3108 177 3164 tius
187 3106 315 3163 exbibet.
328 3108 455 3163 Praecise
463 3110 554 3177 prout
569 3107 687 3175 signum
701 3108 748 3159 est
762 3102 905 3173 simplicis
919 3116 1044 3173 concep-

115 3182 176 3249 tus,
189 3178 306 3249 loquela
315 3180 479 3231 vocabulum
493 3190 546 3231 seu
560 3178 697 3230 tertninus
712 3177 799 3229 oratis
814 3174 1013 3243 nuncupatur.
1092 3169 1127 3224 lt

151 3250 281 3306 Tflnslsl
300 3250 467 3302 Vocabulum
494 3246 907 3313 estsipnumconventionoieot
921 3248 1043 3297 notura·

119 3324 153 3390 ie,
170 3319 240 3390 quia
253 3319 359 3374 relatio
378 3320 458 3374 inter
471 3317 527 3374 boc
542 3317 660 3387 signum
676 3320 704 3371 et
723 3316 799 3371 hanc
813 3313 906 3373 ideam
925 3311 1046 3369 nonnisi

118 3406 155 3447 ex
171 3389 300 3461 quodam
314 3391 401 3461 pacto
416 3389 551 3444 resultat.

153 3462 264 3517 Tunsls
281 3463 304 3515 ll
332 3461 467 3514 Vocabulo
495 3457 653 3511 immediate
666 3458 827 3523 sipnificnnt
841 3458 984 3523 conceptus
999 3454 1047 3507 ob-

114 3533 238 3605 jectioos,
268 3534 295 3585 et
317 3533 531 3585 substituuntur
549 3543 600 3598 pro
620 3528 791 3596 conceptibus
819 3526 987 3593 formalibus
1015 3525 1045 3579 1⁸

118 3616 190 3676 pars
205 3603 292 3673 :quia
306 3601 437 3657 audienti
452 3613 500 3656 res
514 3598 729 3669 cognoscibiles
748 3594 887 3653 reddunt.
903 3597 935 3650 2³
954 3605 1043 3665 pars:

1096 3381 1131 3437 lo
