2650 4242
314 290 513 337 narmsrsrm
533 291 617 344 osu,
639 291 694 336 sao
717 289 897 336 onrocoon.
1011 264 1016 273 ’
1063 273 1131 335 197

89 404 154 466 sed
185 410 223 469 in
247 408 326 480 otio,
350 407 403 468 cui
423 406 567 481 inheret,
594 404 685 484 quod
710 422 812 484 quum
836 407 880 467 ita
912 409 965 480 sit,
1004 404 1121 468 dicitur
1221 433 1225 444 ·

88 487 256 550 occidens.
286 488 342 549 iix.
371 505 378 546 :
406 487 439 547 Si
468 484 659 548 consideres
680 486 849 552 hominem
868 486 994 560 album,
1018 486 1117 558 homo

88 563 149 626 tibi
187 568 323 628 exhibet
362 567 589 639 substantiam,
619 570 651 627 et
679 565 786 640 albus
820 565 987 641 accidens,
1027 563 1120 645 quod

88 643 233 708 inhaeret
245 647 321 708 huic
335 646 535 707 substantia.

130 725 254 786 Siricte
269 723 398 788 definiri
410 728 521 803 potest
539 745 546 785 ε
564 721 627 786 Eas
636 740 700 800 per
712 741 747 784 se
760 729 859 794 stans,
876 741 937 786 seu
950 739 1015 784 non
1034 725 1132 785 todi-³

88 821 171 879 qens
187 806 259 866 otio
271 823 309 868 re
324 807 380 866 cni
390 807 547 866 intereat
561 808 719 880 tanquam
731 805 882 878 subjecto.
1020 816 1027 832 ·

130 884 299 947 Accidens
314 889 363 946 est
379 902 433 947 ens
448 884 547 945 atteri
559 883 728 956 inherens,
754 899 816 944 seu
829 885 976 960 inde-‘pens
988 889 1125 966 subjecv

88 969 122 1024 to
139 967 297 1026 coiisset.

132 1043 326 1106 Substantia
354 1044 536 1120 concipitur
565 1045 721 1119 tanquam
750 1043 875 1121 aliquid
905 1060 1125 1124 permanens,

91 1121 177 1185 dum
192 1124 348 1264 acgidens
364 1121 522 1201 tanquam
536 1121 660 1199 aliquid
675 1123 912 1198 successivum,
932 1141 993 1188 seu
1006 1127 1124 1191 trans-ss

89 1219 172 1274 tens,
188 1205 231 1264 ha
258 1209 340 1266 etur.
1021 1271 1023 1276 ,

132 1283 206 1347 339.
228 1318 268 1328 -
290 1285 365 1364 ipsa
388 1281 592 1361 experientia
616 1282 685 1342 sive
708 1280 849 1356 interna,
871 1285 938 1345 sive
964 1289 1111 1364 externa,

89 1363 192 1424 nobis
206 1362 263 1425 dat
278 1367 476 1439 conceptum
491 1359 670 1421 accidentis
695 1365 729 1420 et
741 1362 939 1425 substantia.
956 1366 1042 1425 Dum
1056 1383 1112 1430 res

89 1458 211 1504 omnes
227 1443 483 1514 consideramus,
500 1439 651 1502 videmus
668 1456 741 1500 esse
757 1441 881 1518 aliquid
897 1443 987 1521 quod
1006 1451 1114 1508 mutn-

89 1521 201 1586 tiones
215 1523 277 1586 sibi
290 1526 453 1599 perpetuo
468 1520 687 1581 succedentes
701 1521 829 1596 recipit,
847 1526 880 1582 et
895 1539 968 1585 esse
988 1525 1114 1602 aliquid

91 1602 296 1678 quodinhis
321 1601 558 1663 mutationibus
581 1598 712 1661 accedit
736 1602 789 1661 vel
814 1602 952 1664 recedit.
970 1604 1005 1666 id
1022 1605 1113 1682 quod
1204 1601 1208 1612 '

89 1681 211 1759 recipit
224 1683 435 1755 mutationes,
451 1685 517 1742 stat
540 1696 602 1756 per
624 1695 674 1750 se,
702 1695 762 1740 seu
789 1685 839 1741 est
853 1681 1036 1745 substantia
1054 1703 1061 1744 :
1078 1704 1122 1748 vr

90 1775 125 1838 g.
145 1777 233 1835 cera,
250 1779 320 1841 quae
335 1759 458 1822 formas
474 1761 620 1822 diversas
633 1759 762 1836 recipit.
781 1761 816 1821 id
833 1761 923 1837 quod
937 1763 987 1824 his
1001 1769 1120 1826 muta-²

90 1840 239 1903 tionibus
255 1842 384 1903 accedit
397 1841 451 1902 vei
465 1839 592 1900 recedit
607 1843 658 1900 est
673 1840 849 1901 accidens:
866 1861 896 1903 v.
909 1858 942 1920 g.
959 1843 1112 1908 innume·
1165 1914 1170 1923 ¹

90 1936 134 1981 rae
148 1923 216 1982 istae
230 1919 341 1982 forma
357 1937 438 1998 quas
454 1936 529 1980 cera
544 1920 730 1980 successive
746 1920 873 1997 recipit.
1118 1937 1121 1946 ¹

132 2000 203 2062 340.
213 2035 259 2052 .-
274 2001 462 2062 Substantia
478 2004 511 2060 et
524 1997 682 2060 accidens
702 2014 770 2060 non
784 2001 936 2073 univoce,
952 2001 1013 2064 sed
1028 2019 1109 2065 ana-

89 2079 213 2153 logice,
228 2081 429 2144 conveniunt
442 2080 477 2139 in
491 2079 617 2140 ratione
634 2078 718 2138 entis
734 2079 813 2158 (969,
835 2080 917 2158 270),
935 2097 1013 2142 nam
1028 2099 1109 2146 con·

92 2166 211 2235 ceptus
226 2162 311 2222 entis
326 2158 515 2221 substantiae
531 2163 564 2218 et
579 2157 745 2220 accidenti
759 2163 809 2220 est
825 2163 1023 2237 communis;
1048 2163 1117 2226 sed*

89 2240 172 2300 ratio
186 2240 250 2300 hoc
267 2245 432 2318 conceptu
447 2254 605 2316 expressa
618 2254 685 2302 non
702 2242 752 2299 est
767 2238 898 2300 eadem.

130 2317 223 2380 Hunc
237 2321 410 2381 articulum
424 2320 458 2379 in
475 2323 541 2380 tres
556 2316 791 2382 distribuemus
805 2320 1031 2396 paragraphos
1049 2339 1056 2381 τ
1073 2323 1110 2384 ln

90 2399 120 2458 1⁰
135 2414 275 2478 agemus
290 2399 461 2476 speciatim
476 2396 518 2459 de
543 2397 738 2468 substantia,
763 2398 798 2459 in
817 2399 860 2472 2⁰,
878 2398 920 2460 de
935 2400 1118 2476 supposito·

89 2480 123 2538 et
137 2489 295 2554 persona,
311 2482 471 2556 quaesunt
496 2476 661 2538 nonnulle
675 2476 805 2554 species
820 2480 1024 2553 substantiae3
1044 2479 1114 2542 de-⁴

88 2554 191 2634 nique
205 2559 241 2620 in
255 2560 297 2633 3⁰,
315 2560 356 2621 de
372 2556 556 2625 accidente.

436 2691 450 2762 ς
470 2693 497 2747 1.
516 2693 558 2746 De
576 2689 754 2747 substantia.

87 2810 158 2871 341.
181 2845 220 2853 -
244 2813 353 2872 Tussis
372 2813 395 2873 I.
417 2817 594 2888 Conceptus
611 2813 795 2874 substantie
813 2829 877 2873 nort
892 2821 936 2875 est
958 2814 1108 2876 arbitra·

125 2890 383 3031 thgdthrzgsstm
396 2895 510 2952 mentis
527 2892 726 2968 sternentem,
747 2894 803 2954 sed
824 2891 970 2955 notorem
996 2894 1115 2993 objecj

124 3102 218 3163 Noto.
232 3133 271 3144 -
285 3103 356 3164 Haec
374 3103 474 3163 thesis
490 3107 600 3165 contra
617 3105 774 3165 Lockium
790 3106 987 3182 proponitur
1007 3104 1104 3186 (278),

84 3179 252 3261 qaipntat
266 3181 485 3249 substantiam
511 3198 585 3244 esse
610 3198 774 3244 summam
799 3185 946 3246 omnium
968 3185 1106 3264 qualita-

84 3263 286 3341 tumsensn
309 3267 554 3339 perceptorum,
582 3279 654 3341 qua
677 3265 791 3340 ignota
818 3265 945 3326 ratione
980 3266 1107 3327 coexis-

85 3340 294 3418 tuntsigitu'r
308 3341 375 3402 haec
392 3344 508 3421 ignota
521 3345 604 3404 ratio
629 3345 729 3403 totius
744 3350 833 3405 esset
848 3345 882 3406 id
898 3345 989 3423 quod
1002 3361 1110 3408 voca·¹

85 3421 139 3478 tur
152 3419 346 3485 substantia.

122 3498 294 3563 Probatur.
321 3497 508 3576 Conceptus
534 3503 590 3578 qui
613 3500 715 3562 habet
737 3500 991 3566 fundamentum
1015 3503 1050 3564 in
1065 3517 1103 3564 re

85 3582 258 3657 concepta,
274 3584 342 3642 neb
352 3583 467 3658 potest
488 3579 553 3641 dici
576 3580 765 3642 arbitrarius
791 3587 824 3643 et
837 3599 967 3644 merum
982 3581 1109 3645 mentis·

84 3654 291 3742 figmentum
306 3655 406 3739 amin
429 3658 595 3740 ejusmodi
617 3662 669 3722 est
688 3665 873 3740 conceptus
885 3663 1100 3726 substantia:
