2650 4242
207 246 266 306 260
512 258 692 302 enarrantur
714 257 917 301 cariosorum

207 374 278 436 470.
296 374 458 434 —lnasis
480 374 502 432 Ι.
530 354 677 447 Tempta,
721 374 749 429 et
784 371 967 445 peperatirt
995 370 1140 441 duratio,
1173 384 1233 427 aaa

247 453 460 612 mmm
479 452 616 511 realiter
637 466 658 509 a
682 463 719 509 re
741 450 888 519 durante,
912 452 968 511 sed
989 450 1117 509 ratione
1151 450 1232 509 daa-

248 653 414 715 Prabatar
430 653 544 728 prima
566 668 653 727 pars.
679 652 812 711 Duratio
839 655 890 713 est
914 652 1062 713 extensio
1087 648 1233 728 quadam

211 737 245 794 et
279 733 478 794 continuatio
514 733 704 792 existentia.
740 734 838 808 Atqui
872 732 935 792 hoc
963 732 1034 809 ipso
1065 730 1234 809 quadres

210 812 320 890 aliqua
335 811 529 889 producitur
548 814 581 871 et
595 817 817 883 conservatur,
835 826 956 887 nempe
973 810 1063 889 quod
1081 812 1235 873 terminat

210 894 374 953 actionem
408 890 632 967 productivam
670 898 702 951 et
736 893 1004 964 conservativam,
1049 892 1149 953 durat
1183 888 1235 951 vel

209 972 343 1033 instanti
358 971 411 1032 vel
426 975 589 1047 tempore.»
603 971 686 1048 Ergo
702 970 780 1030 nihil
796 970 885 1031 aliud
899 972 1032 1033 realiter
1042 978 1094 1034 est
1107 971 1232 1031 duratio

211 1067 309 1128 quam
324 1067 378 1111 res
393 1051 526 1111 durans.
1312 1054 1313 1129 ἐ

251 1132 415 1192 Probatur
444 1131 583 1190 secanda
609 1145 703 1203 pars.
730 1131 863 1191 Duratio
886 1137 996 1190 tamen
1023 1128 1235 1199 distinguitur
1312 1130 1313 1173 ἒ

210 1212 339 1271 ratione
355 1210 396 1269 ab
413 1208 593 1269 existentia.
615 1209 749 1283 Proprie
776 1214 861 1271 enim
886 1209 1010 1271 duratio
1024 1213 1235 1273 existentiam
1312 1226 1313 1237 ³

210 1305 280 1350 non
300 1288 388 1363 dicit,
410 1288 470 1349 sed
489 1290 768 1365 perseverantiam
793 1291 934 1366 aliquam
954 1294 988 1353 in
1003 1293 1122 1353 eadem
1148 1290 1231 1349 exis·
1312 1364 1313 1369 ἵ

212 1371 325 1429 tentia.
353 1370 451 1444 Atqui
475 1368 542 1427 haec
565 1369 823 1445 perseverantia,
850 1370 927 1431 licet
950 1385 1015 1430 non
1041 1373 1084 1432 sit
1110 1367 1236 1445 aliquid

212 1448 345 1510 realiter
365 1448 556 1509 distinctum
575 1462 594 1507 a
612 1463 648 1506 rc
669 1454 915 1521 perseverante,
932 1449 1056 1527 aliquid
1071 1446 1234 1510 nihilomi-

212 1544 276 1588 nus
300 1525 489 1604 dicitquod
512 1524 692 1587 formaliter
712 1543 780 1587 non
804 1527 983 1588 includitur
1006 1534 1038 1591 in
1068 1532 1237 1603 conceptu

212 1607 402 1669 existentia.
419 1607 546 1667 Etenim
563 1610 745 1683 conceptus
764 1605 943 1667 durationis
956 1612 1133 1685 conceptui
1150 1610 1234 1667 exis-

211 1689 321 1749 tentiae
341 1685 433 1747 addit
456 1688 623 1745 notionem
652 1689 872 1748 successionis
898 1697 952 1747 aut
983 1689 1233 1765 permanentia.

211 1769 297 1845 Ergo
313 1771 442 1841 tempus
457 1772 512 1825 aut
527 1764 654 1825 duratio
666 1767 846 1843 generatim
856 1768 1004 1844 inspecta
1020 1785 1084 1828 are
1095 1768 1236 1829 durante

212 1849 339 1907 ratione
356 1843 574 1923 distinguitur.

212 1980 283 2041 471.
300 2012 338 2022 -
353 1978 471 2040 Tarsis.
490 1978 526 2037 ll.
557 1981 693 2053 Tempus
713 1980 921 2040 intrinsecam
942 1996 1005 2041 aaa
1026 1980 1238 2056 disliapaitar

252 2057 387 2118 realiter
406 2075 426 2117 a
446 2062 536 2118 maia
556 2074 679 2119 reram.
705 2057 823 2118 Contra
839 2060 960 2135 plureS,
985 2077 1069 2138 quos
1084 2058 1183 2120 refert
1205 2065 1238 2119 ct

254 2137 405 2216 sequitur
424 2136 458 2197 P.
478 2137 520 2198 de
536 2138 609 2197 San.
628 2135 681 2217 (2).

252 2272 346 2332 Nata.
362 2271 507 2344 Tempus
521 2284 540 2328 a
552 2269 758 2346 philosophis
774 2269 929 2349 distingui
944 2272 1028 2333 solet
1056 2274 1089 2332 in
1117 2271 1236 2331 intrin-

213 2365 329 2411 secum
344 2352 377 2409 et
393 2348 624 2409 extrinsecum.
648 2351 856 2410 latriasecara
878 2358 927 2413 est
957 2351 1083 2411 duratio
1100 2366 1238 2412 succes-

212 2429 281 2491 siva
294 2443 404 2490 rerum
417 2444 486 2506 que
501 2433 645 2505 tempore
659 2436 904 2490 mensurantur.
918 2434 1143 2491 latriasream
1157 2446 1238 2492 vero

213 2508 329 2571 eadem
344 2514 394 2567 est
408 2524 517 2568 rerum
538 2506 676 2577 duratio,
699 2514 862 2585 quatenus
877 2509 1027 2571 ordinem
1048 2516 1081 2571 et
1099 2526 1236 2586 respec-
1313 2506 1314 2577 ἶ

213 2594 283 2650 tum
305 2587 384 2650 dicit
396 2586 438 2648 ad
452 2587 727 2667 motumalicujus
742 2590 868 2649 externi
887 2592 1044 2667 corporis,
1059 2607 1120 2667 per
1137 2606 1235 2667 quem
1313 2640 1314 2643 ,

127 2711 130 2719 ,
213 2668 340 2730 duratio
359 2670 546 2728 successiva
554 2668 602 2728 rei
617 2673 834 2729 mensuratur.

249 2748 421 2812 Probatur.
438 2746 514 2823 Quae
530 2746 775 2825 distinguuntur
788 2748 930 2817 realiter,
946 2756 1001 2810 aut
1015 2752 1234 2826 possuntrea-
1313 2754 1314 2759 ’

211 2845 288 2907 liter
306 2844 463 2922 separari,
483 2848 539 2903 aut
557 2845 682 2904 suntin
707 2844 843 2908 diversis
859 2845 1028 2925 subjectis
1041 2850 1098 2906 aut
1113 2862 1153 2906 ex
1173 2846 1235 2907 illls
1313 2908 1314 2913 ,

244 2974 278 3036 (1)
288 2972 385 3083 Αῑίἕυὶ,
398 2971 541 3038 pracsertim
550 2974 715 3043 recentiores,
726 2974 1067 3045 hancSpareziieententiam
1075 2974 1236 3038 impugnant,

213 3039 239 3084 et
253 3041 326 3085 osten
345 3051 388 3084 cre
402 3039 528 3085 conantur
541 3034 703 3085 durationem
713 3037 773 3085 taire
786 3053 823 3084 rei
837 3052 890 3085 esse
905 3038 1045 3086 formaliter
1059 3038 1237 3097 successivam,

212 3096 319 3161 ideoque
333 3112 389 3147 eam
438 3097 487 3146 oad
503 3111 591 3145 omnes
604 3112 663 3145 suas
677 3102 763 3161 partes
772 3100 887 3147 realiter
895 3100 1026 3162 distiapai
1035 3114 1053 3147 a
1063 3114 1094 3146 re
1104 3099 1186 3160 cujas
1200 3107 1238 3147 est

213 3160 334 3228 (laralia.
350 3160 390 3222 (P.
403 3113 437 3209 a}
450 3160 512 3209 San.
527 3160 589 3207 lnst.
604 3161 684 3208 meth.
700 3174 711 3206 s
730 3175 765 3207 ec.
780 3160 813 3207 de
823 3164 900 3223 temp.
915 3174 987 3223 prop.
1004 3160 1054 3220 11³).
1070 3159 1121 3207 Sed
1143 3161 1238 3223 proba·

213 3225 305 3281 nones,
320 3236 378 3292 quae
390 3220 466 3270 unice
478 3221 646 3269 desumuntur
666 3236 696 3268 ex
709 3174 844 3269 (iuratione
867 3220 1016 3271 substantiae
1029 3221 1163 3290 angelicae,
1177 3221 1239 3290 iun-

212 3282 308 3331 dantur
322 3296 349 3331 m
362 3282 439 3332 variis
451 3281 633 3346 hypothesibus
646 3297 703 3345 quae
716 3282 803 3345 repelli
821 3288 935 3346 possunt,
962 3284 1000 3331 vel
1014 3288 1091 3331 ettam
1116 3281 1240 3347 exphcari

212 3342 286 3393 facile
296 3348 393 3407 queunt
402 3342 431 3391 in
443 3347 532 3394 nostra
546 3344 680 3392 sententia.
695 3343 795 3393 Etenim
808 3342 979 3393 indifferentia
1006 3344 1091 3408 angeli
1113 3346 1147 3393 ad
1170 3344 1240 3394 exis·

212 3404 320 3453 tendum
328 3409 444 3467 tempore
457 3404 549 3468 majori
557 3406 598 3454 vel
611 3405 715 3465 minori,
735 3410 779 3454 aut
794 3406 856 3453 ordo
870 3406 912 3469 qui
926 3422 941 3470 p
955 3410 1009 3455 >test
1018 3422 1071 3455 esse
1082 3406 1152 3455 inter
1177 3407 1239 3457 sul)-

212 3465 320 3515 stantias
347 3464 578 3529 angelicas,p0tius
592 3466 624 3515 de
638 3468 772 3517 duratione
786 3466 928 3518 extrinseca
946 3469 1071 3530 quamde
1096 3468 1238 3519 intrinseca

211 3526 320 3591 intelligi
337 3525 438 3575 debent.

245 3622 279 3685 (2)
295 3624 324 3674 L.
339 3636 362 3671 c.
377 3621 429 3679 §11
437 3634 510 3685 prop.
523 3622 546 3671 l.
