2650 4242
1108 208 1293 310 297

508 257 598 314 mccx
619 249 823 313 sindonius.

185 378 248 435 Set.
262 376 323 434 Ens
333 379 452 451 aliquod
460 383 560 451 potest
574 373 633 437 dici
642 377 844 452 necessarium
859 378 889 437 et
899 379 1076 451 contingens
1229 403 1241 411 ν

151 450 206 507 sub
220 450 517 528 diversorespectu.
689 520 691 527 y
729 449 732 457 “
931 452 933 459 ’
1113 419 1246 511 255

292 567 310 627 5
326 565 356 619 ll.
373 567 414 619 De
428 566 549 620 notione
564 565 652 621 entis·
662 564 813 621 mutabilis
825 566 857 620 et
872 565 1075 621 immutabilis.

188 669 313 725 Mutatio
323 672 370 724 est
380 672 524 726 transitus
533 686 570 726 ex
586 686 643 727 une
659 675 739 728 statu
755 686 786 727 se
800 672 926 728 habendi
940 672 970 727 in
986 672 1077 727 alium

152 742 272 795 statum.
288 740 333 794 Ad
347 742 541 797 mutationem
554 744 613 797 tria
628 745 823 813 requiruntur
840 745 885 798 :10
899 744 1044 797 terminus
1059 758 1077 795 a

152 824 215 882 pue,
232 814 263 864 2ο
278 811 424 867 terminus
443 815 480 866 ad
493 830 584 882 quem,
601 814 631 867 3⁰
647 816 805 884 utriusque
820 814 997 885 subjeetum.
1017 815 1076 868 Eas

151 883 353 935 necessarium
367 897 427 937 nen
441 886 488 938 est
502 886 658 939 mutationi
678 885 847 940 obnoxium.
1112 876 1174 937 255

187 951 368 1008 Mutabilitas
390 953 535 1009 dividitur
559 956 589 1009 iu
607 956 799 1009 intrinsecam
818 959 849 1009 et
866 957 1074 1011 extrinsecam·

68 1067 71 1072 ,
150 1021 298 1092 'praeterea
311 1038 387 1090 ,una
418 1039 485 1090 eum
503 1025 743 1080 immutabilitate
770 1026 952 1082 considerari
979 995 1078 1097 petest

153 1092 250 1161 quoad
263 1094 431 1164 essentiam,
448 1097 633 1151 existentiam
644 1099 674 1152 et
689 1098 899 1167 operationem.
1112 1092 1168 1149 255

188 1165 255 1235 llus,
276 1164 356 1234 quod
374 1168 568 1221 mutationem
588 1181 648 1221 non
657 1167 746 1233 subit,
761 1166 870 1222 dicitur
889 1166 945 1223 sibi
967 1164 1077 1221 identi-
1274 1166 1278 1179 '

152 1246 231 1305 cum,
247 1233 310 1289 sive
325 1238 446 1290 absolute
462 1238 525 1292 sive
536 1241 660 1309 relatiua,
670 1252 726 1309 pro
740 1237 856 1293 ratione
870 1253 929 1310 qua
939 1236 1076 1291 mutatio-

152 1316 220 1359 nem
234 1306 374 1361 excludit.
1113 1304 1168 1361 256

187 1412 262 1477 §Ill
278 1415 318 1469 De
331 1417 453 1472 notione
471 1416 548 1472 entis
564 1417 677 1481 aeterni,
694 1416 829 1471 aevilerni
843 1418 873 1470 et
889 1412 1080 1484 temporanei.

188 1520 363 1593 AEternitas‚
374 1538 472 1578 aevum
481 1526 512 1578 et
521 1526 638 1593 tempus
649 1524 720 1578 sunt
730 1522 856 1577 diversae
865 1521 978 1592 species
989 1519 1078 1575 dura-

152 1591 251 1656 tioniS,
268 1606 334 1663 que
348 1596 395 1647 est
405 1597 612 1661 perseverentia
626 1597 670 1647 rei
683 1594 829 1661 eapuslibet
843 1595 875 1645 iu
884 1608 934 1645 sue
945 1607 1007 1645 esse.
1023 1594 1080 1645 Du·

153 1663 230 1717 ratio
257 1662 401 1718 dividitur
420 1664 595 1719 increatam
614 1667 644 1719 et
663 1663 836 1727 increatam,
857 1678 924 1733 quae
945 1661 1079 1717 subdivi-

153 1731 235 1789 ditur
248 1733 279 1788 in
293 1749 391 1791 aevum
401 1738 432 1789 et
445 1737 572 1805 tempus.
1115 1730 1169 1787 256

552 1840 574 1888 I.
586 1840 624 1888 De
637 1837 793 1890 aeternitate.

188 1935 352 1992 AEternitas
366 1953 384 1993 a
397 1938 499 1994 Boetia
522 1938 661 1995 definitur
678 1956 685 1992 ε
705 1939 927 1994 determinabilis
941 1940 1002 1993 eila
1021 1943 1082 1992 tola

153 2012 240 2063 siiuul
255 2010 408 2076 etperseeta
421 2012 559 2077 possessio.
1116 2008 1169 2062 257

189 2078 263 2135 Hine
276 2080 307 2132 in
322 2079 489 2135 aeternitate
499 2096 556 2136 non
567 2079 719 2151 reperitur
728 2093 824 2149 neque
833 2081 1018 2133 transactum
1033 2093 1082 2133 ne-

154 2149 366 2221 queiuturum.
1115 2148 1170 2203 257

189 2222 266 2288 llrgo
276 2219 395 2289 quando
404 2224 463 2278 Dee
473 2222 649 2278 tribuuntur
657 2220 844 2291 praeteritum
855 2223 885 2275 et
895 2220 1039 2281 futurum,
1051 2218 1082 2273 id

154 2289 431 2361 duntaxatintelligi
445 2296 544 2362 potest
554 2294 589 2348 de
599 2294 687 2348 realis
698 2292 864 2347 existentiae
874 2289 1082 2361 affirmatione,
1128 2295 1130 2300 '

155 2374 244 2431 quam
258 2362 412 2417 continent
426 2363 457 2417 hi
471 2367 642 2434 conceptus.
1117 2361 1170 2416 257

190 2431 354 2487 AEternitas
368 2436 432 2487 tota
447 2434 535 2489 simul
549 2434 687 2490 coexistit
700 2431 820 2489 cuilibet
830 2432 958 2503 temperi
973 2434 1004 2486 et
1018 2445 1082 2486 om-

155 2501 241 2558 nibus
255 2503 448 2573 temporibus.
1119 2502 1172 2557 257

528 2611 562 2661 Il.
575 2611 613 2660 De
627 2607 804 2666 aevitemitate‚

190 2710 312 2765 Duratio
326 2713 426 2766 ereata
434 2724 610 2781 permanens
624 2711 840 2764 immutabiliter
853 2711 960 2764 natura
975 2724 1028 2764 sua
1037 2707 1085 2763 di-

156 2780 235 2835 eitur
248 2797 349 2846 uuum;
375 2780 499 2838 vexilla
521 2795 557 2835 ex
574 2796 629 2836 usu
643 2781 859 2849 Theolcgerum
880 2780 1010 2835 sumitur
1028 2794 1083 2849 pro
1226 2847 1228 2851 .

156 2849 313 2907 duratione
327 2866 428 2907 rerum
438 2852 717 2921 incorruptibilium.
1119 2849 1173 2905 258

191 2922 384 2978 AEviternitas
395 2923 511 2978 deliniri
526 2923 601 2977 solet
612 2942 619 2975 :
632 2921 750 2977 duratio
760 2934 938 2993 permanens
948 2924 978 2976 et
987 2922 1085 2976 incer·

155 2991 305 3062 ruptibilis
319 2995 355 3049 ab
374 2994 545 3049 intrinsece.
566 2994 641 3047 Hinc
662 2995 772 3063 partim
786 3007 853 3049 eum
873 2992 1041 3047 aeternitate
1056 2993 1087 3046 et

154 3064 264 3136 partim
279 3079 346 3118 cum
360 3066 494 3134 tempore
508 3063 658 3119 convenit.
1120 3062 1174 3117 258

190 3137 299 3190 Tamen
314 3150 373 3189 non
383 3139 500 3190 constat
514 3135 593 3189 inter
607 3146 710 3189 omnes
719 3131 974 3191 doctoresScholae
988 3148 1086 3189 aevum

156 3220 222 3261 esse
232 3205 419 3261 durationem
432 3208 668 3277 permanentem.
1120 3204 1174 3261 258

553 3312 598 3362 ΙΙΙ.
616 3312 654 3361 De
668 3313 791 3373 tempore.

191 3413 317 3481 Tempus
328 3413 374 3465 est
383 3412 500 3465 duratio
511 3424 578 3466 eum
588 3408 785 3465 successione.
797 3408 944 3465 Definitur
953 3408 1081 3477 abaris·

98 3540 102 3549 ,
157 3481 250 3537 tutele
267 3500 274 3537 ε
289 3484 422 3535 Mensura
436 3488 526 3535 melus
540 3483 693 3535 seeundum
705 3483 788 3548 prius
803 3485 827 3533 et
838 3484 987 3547 posterius.
1120 3478 1175 3533 259

191 3556 310 3608 Tflnsm.
336 3553 356 3607 l.
382 3552 494 3621 Tempus
514 3567 571 3606 uon
590 3554 706 3606 realiter
730 3552 917 3617 distinquitur
941 3567 958 3605 e
979 3564 1008 3604 re
1030 3550 1087 3602 du-

157 3629 249 3689 rante,
269 3625 316 3677 sed
329 3625 438 3677 ratione
450 3627 570 3679 tautum.
809 3634 811 3639 ’
1123 3619 1177 3677 259
