2650 4242
480 279 601 328 nocturn
619 279 692 324 raus
714 285 735 326 1.
1075 266 1115 328 77
1217 302 1219 305 ·

134 394 250 466 Minor,
267 407 497 470 saepenumero
523 395 679 472 implicita
695 400 728 457 et
741 397 777 456 in
791 401 903 458 mente
927 397 1046 471 latens,
1063 403 1115 460 est

93 472 232 550 aliquod
246 475 442 550 principium
457 475 641 536 universale
657 474 781 536 ordinis
794 474 911 537 idealis
925 476 1000 557 (57),
1017 483 1050 539 et
1063 477 1112 540 id·

93 554 184 614 circo
199 551 345 615 inductio
371 554 438 614 haec
464 557 514 616 est
537 556 744 616 ratiocinium
763 556 912 630 mixtum,
929 562 966 616 ut
984 556 1111 619 videbi·

93 648 171 694 mus
186 631 280 693 inira.
1006 701 1009 709 ,

136 713 173 772 ln
188 713 411 783 conclusione,
424 727 498 790 quae
515 716 566 774 est
575 713 740 792 judicium
752 715 975 793 syntheticum
983 716 1113 790 univer-

92 791 178 862 sale,
195 790 392 853 affirmamus
406 792 598 868 simpliciter
611 797 846 871 proprietatem
862 809 936 872 quae
954 794 996 854 ad
1007 793 1114 873 ipsam

94 874 248 931 naturam
262 874 416 949 pertinet,
433 881 507 932 esse
524 889 733 934 communem
748 874 899 934 omnibus
915 873 1047 936 omnino
1063 878 1109 936 in-

95 949 238 1012 dividuis
252 951 350 1029 hujus
361 956 499 1013 naturae.

137 1031 240 1108 igitur
253 1031 398 1093 inductio
414 1033 481 1091 sive
498 1032 673 1108 completa,
689 1034 757 1094 sive
773 1033 983 1108 incompleta,
995 1033 1114 1094 saitem

95 1113 248 1186 spectata
260 1112 384 1186 formu,
396 1112 511 1187 nequit
524 1110 639 1171 haberi
649 1120 686 1171 ut
697 1113 937 1188 argumentatio
954 1114 1113 1174 essentia·

94 1189 170 1250 liter
185 1189 312 1250 diversa
327 1207 346 1250 a
362 1191 564 1269 syllogismo.
584 1193 699 1253 Forma
715 1193 802 1252 enim
826 1191 1008 1270 syllogismi
1021 1194 1055 1252 ln
1072 1209 1112 1255 eo

95 1271 180 1329 sistit
203 1269 295 1347 quod
309 1268 365 1330 fiat
380 1272 546 1332 conclusio
572 1273 603 1331 vi
629 1271 880 1348 comparationis
896 1287 971 1332 curn
988 1274 1111 1351 medic,-

94 1364 194 1488 gorro
211 1349 356 1410 inductio
374 1364 442 1410 non
455 1351 588 1426 proprie
604 1354 694 1410 caret
712 1351 834 1425 medio,
859 1355 896 1411 ut
921 1357 1048 1412 constat
1073 1368 1114 1413 ex

120 1430 204 1488 ictis,
713 1429 716 1435 '

138 1508 206 1568 116.
224 1541 263 1552 -
279 1508 417 1582 Quando
433 1509 533 1586 igitur
546 1506 691 1569 inductio
708 1507 937 1570 consideratur
956 1512 1113 1588 tanquam

92 1590 337 1667 argumentatio
353 1604 371 1648 a
386 1587 577 1667 syllogismo
594 1586 734 1659 diversa,
750 1589 822 1648 haec
835 1588 998 1649 distinctio
1013 1592 1114 1666 potis-

92 1668 216 1728 simum
239 1667 372 1744 respicit
395 1667 621 1728 inductionem
645 1669 853 1744 completam,
872 1673 905 1728 el
926 1666 963 1728 fit
984 1670 1113 1731 ratione

92 1748 253 1818 materiae,
270 1761 336 1808 non
349 1749 477 1808 ratione
492 1743 607 1807 iormae
623 1747 676 1827 (l).
693 1749 795 1808 Docet
814 1750 929 1824 utique
953 1750 1111 1810 Aristote-

92 1826 144 1886 les
157 1842 220 1902 per
238 1827 467 1905 syllogismum
490 1827 622 1902 probari
644 1827 873 1888 conclusiones
898 1843 1038 1905 quarum
1062 1834 1113 1890 est

93 1905 254 1976 medium,
271 1905 462 1967 inductione
477 1911 588 1966 autem
610 1907 838 1968 conclusiones
863 1921 938 1984 quae
962 1922 1030 1968 non
1052 1909 1110 1982 ha·
1150 1977 1152 1980 ¹

92 1986 176 2047 bent
203 1985 350 2046 medium
377 1984 564 2065 (lllnota).
594 1985 661 2046 Sed
689 2001 822 2063 semper
848 1989 938 2048 venit
958 1991 1110 2064 quaestio,

90 2069 207 2128 utrum
220 2066 366 2128 inductio
383 2067 491 2146 reipsa
506 2071 617 2127 careat
630 2066 751 2137 medio,
771 2067 869 2126 etiam
884 2067 999 2127 latenti
1010 2069 1043 2129 in
1058 2084 1112 2129 ex-

93 2148 221 2206 tremis.

137 2226 207 2285 117.
222 2258 261 2266 -
276 2222 393 2298 Quoad
407 2223 634 2284 inductionem
647 2223 882 2300 incompletam
903 2240 964 2285 seu
978 2227 1110 2302 proprie

94 2301 229 2376 dictam,
248 2320 323 2364 cum
339 2303 524 2364 existimant
549 2303 684 2381 quidam
693 2302 741 2444 32)
760 2309 912 2365 auctores
936 2320 1012 2364 eam
1037 2320 1111 2367 esse

92 2399 290 2458 processum
304 2384 457 2460 mentisa
476 2383 666 2462 syllogismo
715 2385 869 2453 iversum,
895 2385 928 2443 ln
953 2388 1113 2460 quantum

93 2464 134 2522 ab
151 2463 273 2524 codem
288 2461 330 2522 ad
346 2461 522 2536 diversum,
539 2463 604 2522 imo
621 2479 639 2522 a
658 2461 750 2524 finito
776 2463 818 2524 ad
841 2461 1015 2534 infinitum,
1032 2468 1110 2535 etc,

93 2542 286 2604 immediate
301 2541 572 2622 progrederetur,
589 2545 620 2602 vi
636 2542 809 2622 cujusdam
822 2558 941 2603 sensus
957 2543 1067 2615 divini,
1080 2547 1113 2604 et

94 2620 273 2697 perfidem
302 2621 478 2700 quamdam
494 2620 536 2682 ad
551 2622 644 2700 leges
660 2624 863 2684 universales
886 2622 948 2682 sub
972 2623 1112 2700 phaeno-

94 2703 204 2762 menis
220 2706 409 2772 existentes,
426 2717 537 2762 veram
551 2700 750 2763 inductionis
763 2702 905 2762 indolem
929 2717 996 2761 uon
1019 2699 1109 2762 sulfi-

95 2781 225 2842 cienter
247 2783 353 2842 rimati
376 2786 463 2842 sunt.
490 2783 618 2844 Etenim
632 2795 702 2842 non
725 2781 989 2842 animadvertunt
1016 2782 1110 2843 indu·

96 2861 208 2921 ctione
240 2861 303 2920 hac
331 2866 524 2922 mentetua
561 2861 814 2938 particularibus
830 2859 873 2920 ad
914 2863 1112 2923 universalia

109 2955 178 3001 non
194 2941 307 3013 attolli,
321 2939 453 3018 quando
469 2957 537 3003 non
566 2948 616 3002 est
630 2957 714 3018 pura
741 2941 929 3015 abstractio,
962 2943 1025 3002 nisi
1046 2957 1111 3019 ope

89 3018 296 3095 judiciorum
342 3019 620 3093 immediatorum,
668 3023 737 3081 sive
770 3021 1008 3098 analyticorum
1042 3024 1110 3083 sive

94 3100 367 3176 syntheticorum,
380 3115 455 3177 quae
467 3100 622 3178 implicite
632 3104 806 3161 remanent
815 3097 987 3160 recondita
995 3099 1028 3160 in
1037 3117 1111 3178 pro-

96 3194 194 3239 cessu
209 3178 375 3242 inductivo
394 3201 400 3241 :
418 3196 498 3258 v.·g.
518 3183 620 3240 omnis
645 3179 776 3253 effectus
797 3179 892 3241 dubet
905 3194 1041 3240 causum
1055 3185 1114 3240 out

124 3367 160 3430 (1)
173 3367 261 3417 Fateri
275 3372 361 3417 tamen
374 3368 495 3417 debemus
509 3365 535 3416 id
559 3383 574 3416 a
596 3367 711 3431 pluribus
722 3365 880 3432 gravissimis
894 3369 1051 3421 scholasticis
1064 3387 1114 3422 no-

90 3427 151 3494 gari
168 3443 173 3477 ι
189 3447 202 3474 a
217 3429 340 3487 inductio,
357 3429 392 3478 ait
409 3431 530 3479 Aluertus
542 3429 659 3492 Magnus,
675 3430 701 3478 in
715 3430 889 3498 syllogismum
906 3431 1039 3482 reducitur
1052 3450 1114 3485 ma*

90 3491 231 3539 teriulitcr
244 3497 270 3539 et
283 3507 335 3541 non
346 3491 512 3552 forrnoliter,
529 3490 566 3539 ita
581 3492 650 3554 quod
663 3490 746 3541 forma
759 3489 915 3541 intucuonis
928 3493 1065 3545 reducatur
1079 3497 1114 3546 ad

91 3553 203 3601 formam
217 3553 358 3617 syllogismi
372 3572 386 3599 »
400 3554 485 3618 (Apud
497 3553 676 3612 Sensererino,
691 3554 709 3602 l.
724 3559 769 3616 u).

123 3668 158 3730 (a)
170 3668 275 3732 uratry.
290 3668 404 3730 ronne,
417 3642 467 3721 esc.
