2650 4242
482 297 598 341 199199
620 297 693 341 rins
715 303 735 342 r.
1081 281 1123 344 69
1191 353 1195 363 ,

99 407 182 472 nitio
205 414 255 470 est
276 409 460 484 nominalis,
488 409 589 471 debet
609 409 679 471 fieri
704 426 765 487 per
786 411 914 472 notiora
933 412 1119 473 vocabula:

99 491 129 550 si
146 492 198 549 est
208 489 316 561 realia,
333 503 394 566 per
407 505 460 551 res
477 488 610 552 definito
625 490 784 552 notiores.

142 569 174 629 2⁵
189 569 269 646 Reg.
287 571 406 630 Gener-e
416 571 571 644 proximo
586 573 614 630 ct
630 571 815 635 dillcrentic
828 571 978 645 specifico
994 576 1121 631 tantum

101 648 275 718 coalescat,
298 653 354 709 aut
375 649 493 710 saltem
509 649 618 727 aliquo
633 649 744 710 locum
765 650 898 728 generis
914 655 948 710 et
962 648 1119 711 differen-

104 727 311 789 tiaetenente
329 748 336 788 ε
353 729 415 789 hoc
431 729 520 794 enim
532 728 629 789 modo
645 733 778 805 peracta
793 745 859 790 non
877 731 938 790 erit
947 729 1044 791 latior
1057 745 1121 790 nec

102 808 277 884 angustior
292 805 439 877 definito,
463 807 524 868 sed
547 810 607 870 toti
631 814 664 869 et
688 809 747 869 soli
773 807 907 870 definito
934 810 1120 870 conveniet.

103 887 235 947 Etenim
250 889 354 964 prima
371 902 446 962 pars
460 888 687 966 metaphysica
711 905 772 949 seu
794 906 894 964 99999
914 892 1120 964 pronianum,

105 963 243 1028 definito
273 967 425 1027 convenit
440 971 474 1027 et
494 967 590 1028 simul
617 968 688 1030 aliis
704 969 880 1045 speciebus
894 968 969 1031 huic
986 967 1124 1029 definito

104 1047 283 1122 parallelis,
299 1063 337 1107 ac
357 1045 494 1123 proinde
522 1047 646 1109 indicat
669 1048 703 1108 in
734 1064 798 1124 quo
824 1052 943 1108 natura
965 1048 1014 1108 rei
1038 1046 1120 1110 defi·

104 1124 239 1186 niendae
257 1142 331 1186 cum
346 1127 415 1188 aliis
430 1126 531 1187 rebus
548 1129 710 1188 convenit.
728 1128 812 1188 Dum
826 1132 939 1188 autem
950 1126 1026 1187 huic
1037 1127 1121 1204 parti

103 1205 346 1285 metaphysicae
378 1206 441 1267 alia
468 1205 621 1286 adjicitur
648 1224 736 1283 pars,
772 1222 893 1284 nempe
937 1207 1123 1281 differentia

104 1283 270 1361 specifica,
292 1285 454 1346 indicatur
467 1285 501 1347 id
516 1289 549 1348 in
564 1303 640 1364 ,quo
664 1285 836 1348 definitum
863 1285 904 1347 ab
930 1285 1001 1346 aliis
1021 1288 1123 1348 rebus

106 1363 228 1437 differt,
244 1379 305 1426 seu
319 1364 354 1428 id
370 1363 461 1444 quod
476 1372 527 1428 est
540 1367 725 1444 proprium;
744 1371 776 1428 et
796 1365 872 1428 ideo
887 1381 948 1442 per
968 1367 1027 1428 has
1045 1382 1124 1443 par·

106 1450 157 1506 tes
182 1444 436 1525 metaphysicas,
458 1447 505 1505 rei
531 1452 645 1507 natura
667 1447 712 1506 ita
738 1445 935 1515 declaratur,
961 1448 1054 1507 utin
1085 1461 1122 1506 se

106 1532 337 1599 cognoscatur,
367 1540 498 1586 necnon
522 1529 556 1587 in
579 1529 646 1587 suis
670 1525 885 1588 relationibus
907 1531 977 1586 tum
1002 1541 1123 1586 conve-

102 1605 242 1666 nientiae
258 1609 327 1666 turn
344 1603 573 1679 discrepantiae
590 1623 664 1667 cum
679 1606 750 1665 aliis
764 1606 930 1667 omnibus.

148 1686 183 1744 ln
212 1685 274 1746 hac
301 1685 417 1762 regula
446 1682 599 1754 diximus,
638 1687 832 1745 anisolam
866 1685 978 1760 cli'qno
1003 1687 1124 1744 tenente

102 1765 216 1824 locuni
230 1765 356 1840 pencris
370 1771 398 1825 ct
412 1763 612 1836 differentiae,
624 1763 657 1824 in
680 1764 956 1838 descriptionibus
970 1764 1097 1825 scilicet
1115 1782 1122 1824 :

103 1859 149 1904 na
164 1863 180 1900 o
211 1841 386 1920 aliquando
408 1858 461 1904 res
487 1841 671 1905 definienda
695 1845 827 1905 nonnisi
851 1861 914 1920 per
938 1843 1126 1922 analogiam

103 1923 210 1984 habet
223 1939 331 2002 genus
347 1927 381 1983 et
396 1922 632 1994 differentiam
651 1927 685 1984 et
699 1926 822 1999 saepius
837 1924 917 1986 latet
932 1927 1123 2000 utrumque.

146 2004 241 2064 Nota.
259 2004 291 2063 Si
307 2001 449 2064 definitio
465 2002 553 2064 hisce
570 2008 697 2064 tantum
723 2003 901 2064 elementis
923 2006 1065 2075 constat,
1090 2005 1125 2064 in

105 2097 145 2142 ea
164 2083 243 2145 nihil
267 2083 329 2144 erit
350 2080 557 2159 superfluens
582 2088 616 2144 et
637 2083 717 2146 nihil
737 2082 1006 2150 desiderandum,
1034 2080 1125 2142 unde

104 2177 255 2239 sequens
269 2164 385 2241 regula
405 2162 650 2224 dialecticorum
675 2183 682 2223 :
706 2164 850 2237 definitio
870 2181 927 2224 nec
947 2164 987 2223 sit
1010 2177 1123 2237 snper·

103 2242 190 2315 linc,
205 2259 262 2302 nco
277 2245 449 2309 diminuto,
471 2240 552 2316 fluit,
567 2251 604 2303 ut
620 2242 840 2311 corollarium,
858 2259 897 2302 ex
912 2243 974 2302 hac
988 2243 1021 2301 2·
1032 2242 1122 2320 lege.
1179 2261 1182 2264 ⁴

105 2319 248 2394 Quando
267 2322 300 2382 in
325 2320 515 2382 definitione
537 2321 659 2399 aliquid
686 2326 737 2381 est
759 2321 964 2391 redundans,
993 2321 1056 2382 nisi
1084 2321 1127 2381 sit

100 2403 291 2476 proprium,
318 2399 354 2462 fit
376 2399 523 2470 confusa,
542 2406 575 2462 et
590 2403 680 2462 onnni
703 2400 837 2463 definito
861 2418 928 2463 non
954 2403 1124 2470 convenit;

104 2495 187 2542 nam
207 2485 284 2540 nota
312 2479 531 2558 superfluens,
559 2496 634 2559 quae
656 2498 724 2541 non
754 2487 805 2542 est
833 2480 1033 2546 essentialis,
1055 2495 1126 2540 non

106 2565 221 2636 potest
249 2559 313 2622 diei
335 2562 376 2623 de
409 2561 562 2621 omnibus
588 2559 797 2624 inferioribus
819 2561 944 2635 speciei
967 2558 1124 2622 definitae.

107 2640 140 2700 Si
167 2638 311 2701 definitio
339 2643 389 2702 est
418 2639 588 2706 diminuta,
614 2656 682 2701 non
704 2640 769 2702 soti
790 2640 923 2701 definito
953 2639 1124 2709 convenit;

106 2734 188 2780 nam
202 2735 256 2780 res
270 2724 420 2781 remanet
438 2718 703 2787 indeterminata,
730 2736 769 2780 ac
792 2720 932 2797 proinde
954 2719 1024 2781 aliis
1050 2719 1124 2800 plu-

107 2799 211 2861 ribus,
228 2805 352 2878 praeter
364 2797 546 2867 definitum,
564 2800 776 2875 applicabilis.

150 2880 182 2940 3⁸
195 2879 276 2955 Reg.
295 2880 466 2955 Definitum
480 2881 514 2939 in
527 2879 745 2953 definitionem
759 2895 822 2938 non
836 2880 1052 2954 ingredictur,
1063 2892 1127 2939 nec

107 2963 226 3034 aperte
239 2975 304 3020 neo
317 2959 470 3025 latenter,
488 2972 564 3019 nam
579 2963 636 3019 aut
651 2956 798 3019 definitio
816 2963 905 3019 esset
918 2957 1126 3028 redundans

108 3039 228 3099 autin
258 3039 414 3099 circulum
440 3039 593 3100 vitiosum
621 3038 834 3115 impingeret,
869 3042 903 3098 91
932 3037 1012 3098 alias
1047 3036 1129 3099 nihil

109 3117 301 3194 explicaret,
319 3135 394 3179 cum
408 3116 497 3179 idern
511 3117 676 3194 peridem
693 3116 891 3178 declaretur.

150 3196 181 3257 4ει
195 3199 265 3276 Reg
291 3199 360 3258 Non
379 3199 562 3272 9111199999,
580 3214 658 3258 nam
673 3197 746 3257 talis
762 3195 906 3258 definitio
928 3200 1018 3257 esset
1032 3195 1131 3258 latior

108 3275 256 3344 definito,
275 3281 308 3337 et
322 3290 389 3338 non
405 3277 590 3339 declararet
613 3275 693 3355 quid
719 3278 760 3338 sit
783 3293 849 3342 res,
870 3275 932 3337 sed
957 3275 1037 3353 quid
1060 3289 1129 3336 nou

107 3359 162 3418 sit.
179 3357 210 3416 Si
224 3362 336 3418 tamen
352 3356 393 3418 de
410 3356 539 3418 duobus
555 3356 715 3434 oppositis
730 3359 897 3433 ageretur,
921 3360 1000 3417 tunc
1024 3357 1128 3418 altero

107 3433 268 3497 affirmate
284 3434 431 3506 definite,
456 3437 595 3497 alterum
611 3453 672 3512 per
686 3435 782 3510 primi
807 3435 1022 3512 negationem
1050 3432 1129 3495 defi-

107 3519 309 3592 niriposset.
324 3516 380 3576 Ex.
409 3534 416 3574 :
443 3516 470 3576 si
493 3514 622 3576 finitum
646 3514 784 3576 definies
810 3510 874 3575 :id
905 3514 995 3592 quod
1029 3513 1130 3575 certis

104 3595 266 3658 limitibus
281 3599 475 3662 coarctatur,
490 3594 653 3657 infinitum
673 3592 811 3656 definire
833 3595 956 3673 poteris
987 3613 994 3653 :
1037 3590 1130 3672 quod

110 3676 271 3738 limitibus
284 3691 352 3737 non
367 3677 561 3737 coarctatur.
