2650 4242
468 265 589 326 220
727 302 731 305 <
829 281 833 287 ·
1040 277 1896 327 'BREVIARIUM'PHILOSOPHIAE

546 427 625 437 -
656 391 969 454 Identitas
994 394 1374 469 formaliter
1401 399 1658 470 sumpta
1689 399 1905 468 potest
1938 390 2215 453 describi
2251 409 2264 449 :
2299 393 2501 453 unicas

468 474 701 548 aliqua
732 473 1033 548 plurium
1069 475 1534 534 distinctorum.
1596 473 1901 548 importat
1955 474 2182 549 itaque
2224 471 2497 548 aliquam

466 555 781 613 unitatem
837 559 901 613 et
950 552 1298 629 quamdam
1343 550 1846 613 multitudinem.
1901 553 2041 612 Haec
2091 552 2314 627 plura,
2365 567 2497 626 quae

468 633 870 692 conveniunt
897 633 964 692 in
992 634 1243 693 unitate
1292 632 1532 708 aliqua,
1567 635 1847 707 possunt
1878 646 2023 691 esse
2081 633 2221 691 sive
2266 646 2342 689 re
2371 634 2497 690 sive

468 712 720 772 ratione
765 715 1012 771 tantum
1067 711 1390 773 dictincta.
1448 710 2036 770 Fundamentalz'cer
2063 714 2355 787 sumpta,
2411 715 2499 771 est

467 792 735 868 negatio
772 791 1101 853 divisionis
1132 808 1169 850 a
1200 808 1272 851 se
1300 790 1409 852 vel
1438 790 1518 849 ab
1552 790 1676 850 alio
1708 806 1996 866 quocum
2033 790 2213 851 idem
2247 787 2494 849 dicitur.

473 872 586 931 Est
617 886 776 947 ergo
806 873 1023 932 unitas
1054 888 1194 947 quae
1228 870 1382 930 dicit
1409 870 1829 946 negationem
1865 869 2200 931 divisionis
2230 871 2299 927 in
2329 884 2424 929 se.

550 951 727 1010 Licet
757 966 915 1027 ergo
974 948 1286 1009 identitas
1333 947 1680 1009 definiatur
1722 964 1842 1025 per
1892 949 2243 1019 unitatem,
2294 947 2500 1007 differt

470 1033 691 1089 tamen
748 1032 828 1090 ab
890 1031 1166 1096 unitate,
1230 1028 1383 1105 quia
1442 1033 1541 1087 est
1596 1026 1843 1103 aliquid
1897 1027 2274 1098 relativum,
2331 1028 2498 1103 quod

471 1124 735 1183 semper
795 1109 983 1186 plura
1037 1112 1372 1185 supponit,
1436 1107 1587 1168 dum
1645 1110 1856 1167 unitas
1915 1113 2014 1168 est
2061 1107 2497 1168 denominatio

478 1188 799 1248 absoluta.

550 1267 687 1327 382.
721 1301 799 1311 —-
830 1264 1144 1326 Identitas
1192 1272 1414 1343 potest
1463 1282 1610 1325 esse
1639 1267 1868 1325 relatio
1910 1265 2106 1325 realis
2146 1266 2262 1326 vel
2288 1266 2495 1343 logica

470 1342 657 1424 (376).
710 1348 768 1405 1⁰
815 1347 925 1406 Est
952 1347 1177 1405 relatio
1208 1345 1410 1405 realis
1460 1362 1603 1406 cum
1642 1361 1756 1405 ens
1785 1343 2053 1421 aliquod
2096 1343 2390 1405 refertur
2424 1345 2496 1404 ad

467 1424 647 1484 aliud
678 1442 713 1484 a
746 1442 874 1502 quo
920 1427 1138 1501 reipsa
1169 1424 1537 1486 distinctum
1570 1429 1670 1485 est
1704 1442 1717 1482 ε
1750 1442 1811 1486 v.
1845 1440 1946 1502 gr.
1997 1423 2312 1485 identitas
2341 1425 2496 1484 Petri

476 1510 549 1564 et
591 1504 772 1564 Pauli
802 1504 1020 1581 quoad
1050 1510 1369 1564 naturam.

547 1584 611 1643 2⁰
633 1585 743 1644 Est
783 1584 1011 1644 relatio
1049 1586 1284 1657 loyica,
1340 1600 1483 1643 cum
1535 1598 1653 1643 ens
1700 1580 1982 1643 refertur
2023 1582 2107 1643 ad
2138 1585 2433 1659 seipsum
2482 1604 2492 1641 :

468 1678 529 1724 v.
564 1678 691 1738 gr„
722 1662 1029 1723 identitas
1054 1667 1223 1723 inter
1252 1663 1511 1723 Petrum
1545 1666 1608 1723 et
1635 1660 1832 1723 filium
1870 1664 2064 1722 Jonae.

550 1742 689 1803 383.
721 1776 800 1788 —-
826 1743 1032 1817 Quum
1065 1742 1372 1803 identitas
1401 1743 1483 1803 sit
1509 1757 1712 1801 unum
1746 1758 1827 1801 ex
1872 1740 2211 1818 praecipuis
2262 1738 2492 1801 funda·

470 1822 707 1882 mentis
747 1823 1160 1890 relationum,
1208 1816 1565 1897 praesertim
1606 1837 1764 1898 ergo
1794 1820 2253 1903 consideratur
2285 1820 2496 1897 quoad

471 1902 948 1977 oppositionem
972 1900 1430 1975 identicorum‚
1480 1917 1609 1977 quo
1637 1916 1794 1961 casu
1844 1900 2074 1963 dicitur
2094 1900 2357 1961 relatiO.
2387 1902 2493 1959 Ve-

468 1995 609 2039 rum
659 1996 789 2056 prae
827 1981 965 2040 solo
1010 1979 1441 2041 fundamento
1481 1982 1686 2057 ipsius
1722 1981 2055 2042 relationis
2096 1978 2495 2039 considerari

467 2064 727 2134 potest:
760 2059 937 2120 aliud
969 2059 1149 2119 enim·
1173 2066 1272 2120 est
1292 2061 1519 2121 relatio
1551 2062 1721 2119 inter
1743 2060 1952 2136 plura,
1991 2064 2056 2119 et
2087 2058 2272 2122 aliud
2290 2062 2495 2120 unitas

466 2136 899 2207 fundamenti,
936 2155 1085 2216 quae
1107 2140 1277 2201 solet
1308 2140 1498 2199 etiam
1530 2142 1746 2201 vocari
1779 2138 2103 2201 identitas,
2157 2141 2330 2198 Dum
2353 2137 2491 2199 fun-

472 2216 848 2278 damentum
890 2219 1049 2279 illud
1079 2218 1321 2297 (agitur
1352 2220 1436 2280 de
1467 2220 1668 2279 rebus
1715 2217 1934 2293 finitis)
1984 2226 2084 2279 est
2127 2219 2396 2279 realiter
2438 2226 2495 2279 et

468 2313 744 2359 numero
776 2315 1001 2367 unum,
1032 2298 1336 2360 identitas
1356 2302 1521 2374 ipsa,
1559 2315 1698 2374 quae
1719 2299 2120 2375 potissimum
2162 2300 2489 2360 constitui·

467 2381 575 2438 tur
612 2394 697 2436 θα)
742 2380 885 2452 ipsa
915 2379 1183 2448 unitate,
1235 2377 1466 2439 dicitur
1492 2378 1718 2448 realis;
1769 2380 1998 2438 relatio
2045 2385 2265 2438 autem
2312 2394 2492 2455 quam

471 2458 803 2517 constituit
845 2462 945 2517 est
990 2458 1226 2535 logica.
1294 2459 1609 2527 Vicissim,
1669 2457 1819 2516 dum
1869 2456 2375 2518 fundamentum
2410 2466 2495 2518 est

472 2536 690 2613 logice
722 2553 949 2606 unum,
974 2536 1283 2597 identitas
1306 2541 1408 2598 est
1429 2537 1670 2615 logica,
1698 2542 1764 2597 et
1783 2538 2012 2597 relatio
2047 2542 2148 2597 est
2174 2539 2372 2599 realis
2395 2535 2490 2616 (1).

547 2618 623 2677 Et
666 2632 895 2677 revera
929 2619 987 2676 1Ο
1016 2615 1322 2677 identitas
1351 2617 1546 2677 realis
1591 2616 1894 2691 producit
1920 2617 2309 2677 relationem
2343 2618 2497 2695 logi-

476 2710 638 2765 cam,
673 2712 822 2757 nam
872 2696 1117 2772 aliquid
1161 2712 1292 2755 non
1323 2700 1545 2771 potest
1571 2696 1838 2756 realiter
1875 2693 2102 2756 referri
2147 2696 2233 2756 ad
2287 2712 2489 2757 seme·

468 2776 707 2852 tipsum
741 2775 905 2853 (377,
937 2775 1040 2847 4⁰),
1085 2775 1410 2851 siquidem
1470 2779 1535 2835 in
1573 2776 1696 2835 hac
1722 2776 2073 2854 hypothesi
2100 2791 2237 2835 non
2273 2776 2495 2837 dantur

472 2852 603 2915 duo
630 2859 923 2914 extrema
951 2856 1214 2916 realiter
1244 2854 1552 2915 distincta
1589 2874 1604 2915 t
1636 2873 1696 2916 v.
1732 2871 1832 2932 gr.
1869 2855 2157 2915 Christus
2187 2855 2493 2915 Dominus

474 2939 575 2990 est
614 2934 879 2993 realiter
922 2933 1244 2995 identicus
1303 2952 1448 2995 cum
1519 2935 1671 2994 Filio
1750 2935 2142 2996 Beatissimae
2225 2935 2494 3013 Virginis

472 3015 710 3083 Mariam
765 3017 830 3072 et
868 3014 1096 3073 relatio
1129 3014 1298 3074 inter
1333 3018 1687 3089 utrumque
1736 3016 2080 3074 terminum
2117 3021 2215 3074 est
2259 3015 2506 3093 logica‚'

478 3111 622 3151 rum
662 3090 888 3152 eadem
922 3109 1206 3170 persona
1236 3093 1464 3153 Christi
1495 3092 1578 3152 ad
1608 3094 1894 3168 seipsam
1938 3092 2282 3155 referatur.

554 3175 618 3231 ΞΤ)
666 3170 969 3249 identitas
999 3174 1211 3250 logica
1272 3173 1602 3233 constituit
1626 3174 2007 3233 relationem
2039 3174 2322 3243 realem:
2357 3190 2492 3233 narn

477 3251 780 3311 himilitas
824 3252 1035 3329 logica
1086 3269 1218 3312 non
1264 3257 1483 3327 potest
1530 3254 1803 3328 reperiri
1832 3254 1956 3313 nisi
1985 3251 2310 3313 interduo
2347 3269 2493 3329 quo-

474 3347 614 3391 rum
662 3345 860 3390 unum
918 3348 1052 3394 non
1098 3335 1197 3393 est
1232 3332 1499 3393 realiter
1552 3332 1857 3405 alterum;
1893 3333 2028 3393 haec
2059 3335 2235 3393 enim
2266 3333 2496 3393 identi-

538 3471 606 3523 ι[[““·Ι
634 3468 840 3527 Quando
869 3468 1107 3518 identitas
1132 3471 1350 3519 habetur
1377 3474 1434 3519 ut
1461 3469 1743 3519 formaliter
1772 3480 1849 3519 est
1891 3473 2106 3533 ‘re-latin,
2126 3486 2210 3521 res
2238 3473 2388 3522 aliter
2412 3488 2494 3521 ex-

478 3547 486 3591 ι
510 3531 650 3579 linari
678 3531 828 3580 debet
852 3531 935 3580 :in
956 3532 1222 3581 identitate
1251 3533 1426 3595 loyica
1452 3532 1837 3581 fundamentum
1865 3538 1998 3582 esset
2024 3533 2232 3583 realiter
2258 3550 2431 3593 unum,
2451 3541 2497 3583 et

474 3595 526 3703 {n
542 3593 822 3704 ijflffllhtilte'te
846 3594 989 3641 reali
1014 3598 1144 3642 esset
1169 3598 1370 3643 tantum
1395 3592 1559 3657 logice
1585 3609 1761 3643 unum.
1791 3593 1922 3646 Vide
1947 3596 2008 3643 P.
2039 3596 2339 3660 Tongiorgi‚
2374 3597 2488 3646 Ont.

502 3691 510 3699 .
557 3680 558 3684 =
598 3695 606 3711 ,
638 3671 680 3701 e.
777 3687 791 3700 .
