2650 4242
507 289 623 332 xoorou
644 285 717 330 rans
738 291 757 330 r.
1100 267 1137 329 37

118 419 164 467 ea
179 408 308 466 tantum
323 422 359 466 se
382 407 530 469 extendit
552 423 626 486 quae
642 407 676 470 in
700 406 895 468 extensione
920 403 1062 484 subjecti
1083 417 1137 463 re·

116 486 305 561 periuntur.

162 565 242 626 ilinc
263 565 297 625 in
311 566 470 641 praedicta
487 565 648 628 divisione
672 565 945 644 propositionum,
975 561 1137 624 debemus

117 645 226 704 solam
242 645 384 723 subjecti
399 646 625 708 extensionem
642 645 863 708 considerare.
1133 661 1139 665 ·

157 725 208 785 54.
225 757 262 766 -—
294 728 323 786 l⁰
352 725 489 802 Quando
513 727 703 806 subjeetum
730 725 955 788 universaliter
982 721 1134 796 sumitur,

117 812 243 881 nempe
255 804 350 883 juxta
366 799 467 867 t‘otam
480 822 575 868 suam
591 807 833 880 extensionem,
848 802 1029 882 propositio
1051 801 1133 862 dioi-

119 881 175 943 lur
188 884 381 947 universatis
394 908 404 956 ,·
418 902 447 947 v.
465 902 529 963 gr„
547 903 655 948 omnes
668 887 819 948 homines
834 889 910 945 sunt
920 883 1014 962 justi.

160 965 194 1025 2⁴
221 964 321 1026 Prout
347 965 535 1045 subjectum
559 967 799 1042 particulariter
826 966 977 1034 sumitur,
1007 961 1135 1022 scilieet

114 1042 214 1122 juxta
227 1050 357 1120 partem
382 1050 507 1106 tantum
531 1062 596 1106 suae
621 1047 831 1118 extensionis,
858 1042 1036 1123 propositio
1062 1040 1135 1118 ipsa

119 1123 183 1185 erit
191 1126 426 1199 particulos,-
439 1130 476 1186 ut
493 1145 499 1186 :
517 1129 651 1206 quidum
666 1127 816 1188 homines
830 1129 907 1186 sunt
917 1124 1011 1203 justi.

158 1204 190 1263 3⁰
213 1204 351 1278 Quando
373 1206 560 1285 subjectum
573 1205 743 1268 indefinite
758 1207 908 1280 sumitur,
924 1217 1047 1278 nempe
1062 1199 1134 1260 aine

116 1285 279 1359 particula
295 1285 547 1358 determinante,
564 1286 744 1364 propositio
759 1289 831 1363 ipsa
845 1285 965 1347 dicitur
980 1281 1116 1356 todefioi
1129 1340 1134 1355 ,

116 1367 152 1422 tu
170 1363 291 1425 :homo
308 1369 359 1426 est
375 1365 497 1444 justus.
1125 1422 1129 1445 ‚

158 1443 192 1502 4²
208 1444 347 1518 Quando
369 1446 557 1524 sth'eotum
582 1449 632 1505 est
646 1445 782 1522 aliquod
803 1460 926 1507 nomen
950 1440 1131 1531 singulare,

117 1537 183 1583 seu
218 1524 387 1602 quoddam
415 1525 620 1587 individuum
660 1523 804 1596 denotat,
834 1523 1013 1602 propositio
1052 1520 1131 1600 dior

119 1606 172 1662 tur
186 1604 366 1681 stimularis
380 1625 389 1664 .·
403 1605 455 1665 lrie
469 1607 580 1678 homo,
597 1605 723 1665 scilicet
736 1607 866 1675 Petrus,
884 1608 933 1665 est
947 1603 1069 1681 J'ustus.

157 1683 209 1743 55.
236 1717 274 1727 -
296 1686 332 1745 V.
358 1685 516 1748 Praeterea
545 1686 631 1746 inter
653 1688 896 1762 propositiones
922 1680 1131 1770 compositas,

115 1765 306 1903 ἕξῖυῐηθτᾶνί
328 1772 467 1841 possunt
490 1764 735 1844 propositiones
759 1764 909 1826 modelas
933 1768 967 1824 et
999 1775 1133 1837 expom-

138 1857 212 1904 res.

160 1923 190 1981 l⁰
205 1923 377 2002 Propositio
398 1925 539 1987 modulis
553 1922 597 2004 (u)
609 1925 785 1999 opponitur
802 1922 1018 2002 propositioni
1034 1919 1131 2005 abso

114 2000 209 2062 lutae.
226 2003 406 2079 Propositio
418 2005 567 2066 absoluta
588 2004 779 2080 simpliciter
793 2005 956 2066 reouuttot
971 2015 1073 2062 uuum
1092 1999 1131 2060 de

116 2081 203 2155 alio;
230 2085 407 2160 propositio
432 2083 572 2147 modalis
595 2099 634 2144 ea
660 2088 711 2144 est
736 2101 807 2163 quae
828 2084 976 2146 declarat
997 2081 1133 2140 modum

114 2177 179 2236 quo
194 2165 386 2224 attributum
407 2166 549 2225 convenit
564 2165 704 2240 subJ'eoto
726 2187 736 2226 .·
757 2184 787 2227 v.
811 2182 877 2244 gr„
892 2165 984 2225 Deus
1008 2173 1127 2222 neces·

114 2241 201 2303 sario
218 2243 399 2322 estjustus.
960 2258 962 2264 ’

155 2322 187 2382 2⁰
199 2321 381 2399 Propositio
408 2323 601 2400 eupootottts
617 2339 658 2384 ea
682 2328 733 2384 est
747 2340 824 2402 quae
845 2324 965 2400 todtpet
982 2321 1131 2397 explico·

114 2401 202 2460 tione
216 2407 352 2479 propter
367 2403 510 2480 aliquam
525 2403 774 2480 expressionem
784 2419 860 2483 quae
872 2401 982 2465 reddit
995 2412 1130 2461 sensum

114 2479 304 2543 obscurum.
322 2484 502 2560 propositio
526 2499 600 2561 quae
613 2484 832 2561 expootbtlem
846 2485 988 2560 explicat
1014 2479 1131 2540 dicitur

114 2575 288 2635 ecopooens.
548 2599 551 2606 ·

155 2640 335 2718 Propositio
352 2642 550 2718 exponibilis
573 2643 691 2704 dieitur
710 2645 764 2706 vel
787 2643 965 2715 exclusiva,
991 2639 1045 2702 uel
1069 2653 1129 2698 eu-

114 2721 250 2795 oepttoo,
266 2721 581 2798 remeaturumque,
598 2728 695 2799 prout
711 2725 741 2784 ei
756 2723 956 2785 admiscetur
970 2717 1130 2797 particula

115 2799 282 2862 exclusiva
297 2806 433 2875 tautum,
447 2805 618 2873 duntaxat,
632 2807 689 2864 aut
701 2805 870 2881 exceptive
879 2807 1009 2878 praeter,
1021 2803 1129 2868 eastra,

113 2883 173 2940 aut
187 2880 322 2941 tandem
336 2880 586 2959 reduplicativa.
613 2889 780 2958 quotenus,
795 2887 907 2960 prout.
924 2883 1001 2942 llaec
1013 2880 1128 2939 ultima

114 2957 234 3020 dicitur
249 2961 426 3038 propositio
448 2961 697 3038 reduplicativa,
722 2965 798 3041 quia
812 2965 846 3025 in
862 2979 904 3022 ea
918 2960 953 3022 fit
969 2956 1127 3038 quaedam
1226 2994 1229 3000 -
1318 2948 1320 2995 t

112 3039 329 3118 reduplicatio
344 3041 487 3120 subjecti
512 3062 518 3102 ι
535 3058 565 3103 v.
582 3057 646 3120 gr,
662 3045 773 3116 homo,
789 3043 822 3103 in
838 3046 999 3119 quantum
1015 3041 1128 3110 homo,

113 3126 163 3180 est
177 3118 220 3180 ad
234 3119 414 3197 imaginem
428 3122 488 3183 Dei
505 3127 645 3184 oreatus,

149 3199 201 3260 56.
219 3233 257 3244 -
278 3202 329 3262 Vl.
345 3202 469 3262 Praeter
481 3201 543 3266 ,has
567 3201 742 3264 divisiones
760 3200 1036 3279 propositionum,
1064 3196 1127 3258 alia

110 3277 211 3339 etiam
226 3285 340 3355 posset
355 3279 483 3342 desumi
505 3297 546 3341 ex
561 3284 718 3359 qualitate
735 3298 795 3342 seu
811 3299 853 3342 ex
866 3282 1027 3343 relatione
1039 3278 1127 3356 signi

109 3356 152 3418 ad
167 3375 238 3419 rem
254 3359 480 3438 significatam.
499 3361 637 3435 Quando
653 3362 833 3439 propositio
850 3364 1012 3423 consonat
1026 3359 1126 3420 rebus

109 3439 287 3513 expressis,
302 3456 363 3503 seu
386 3442 536 3519 congruit
556 3442 701 3521 objecto,
729 3440 847 3503 dicitur
867 3459 946 3502 vero
970 3461 980 3500 .·
1005 3458 1036 3502 r.
1060 3454 1126 3517 gr..

107 3516 289 3580 haeoarhor
304 3526 355 3582 est
368 3521 489 3593 viridis,
508 3526 557 3584 est
571 3522 752 3600 propositio
777 3538 866 3596 vera,
891 3522 918 3583 si
942 3521 999 3582 illa
1024 3520 1123 3582 arbor

139 3690 176 3756 (a)
190 3692 222 3742 D.
237 3692 331 3746 Thom.
349 3693 467 3759 Opuscul.
481 3693 521 3744 49.
