<?xml version="1.0" encoding="UTF-8"?>
<!DOCTYPE html PUBLIC "-//W3C//DTD XHTML 1.0 Transitional//EN"
    "http://www.w3.org/TR/xhtml1/DTD/xhtml1-transitional.dtd">
<html xmlns="http://www.w3.org/1999/xhtml" xml:lang="en" lang="en">
 <head>
  <title>
</title>
<meta http-equiv="Content-Type" content="text/html;charset=utf-8" />
  <meta name='ocr-system' content='tesseract 3.04.00' />
  <meta name='ocr-capabilities' content='ocr_page ocr_carea ocr_par ocr_line ocrx_word'/>
</head>
<body>
  <div class='ocr_page' id='page_1' title='image "./brevariumphilos01grangoog_0108.png"; bbox 0 0 2650 4242; ppageno 0'>
   <div class='ocr_carea' id='block_1_1' title="bbox 220 227 938 300">
    <p class='ocr_par' dir='ltr' id='par_1_1' title="bbox 220 227 938 300">
     <span class='ocr_line' id='line_1_1' title="bbox 220 227 938 300; baseline 0.004 -3"><span class='ocrx_word' id='word_1_1' title='bbox 220 237 262 297; x_wconf 80' lang='lat' dir='ltr'>ab</span> <span class='ocrx_word' id='word_1_2' title='bbox 334 227 338 235; x_wconf 82' lang='grc'><strong>’</strong></span> <span class='ocrx_word' id='word_1_3' title='bbox 536 256 717 300; x_wconf 80' lang='lat' dir='ltr'>unnvnruuu</span> <span class='ocrx_word' id='word_1_4' title='bbox 736 253 938 300; x_wconf 75' lang='lat' dir='ltr'>euriosoerun</span> 
     </span>
    </p>
   </div>
   <div class='ocr_carea' id='block_1_2' title="bbox 225 359 1239 526">
    <p class='ocr_par' dir='ltr' id='par_1_2' title="bbox 225 359 1239 526">
     <span class='ocr_line' id='line_1_2' title="bbox 225 359 1239 443; baseline 0.001 -14"><span class='ocrx_word' id='word_1_5' title='bbox 225 369 293 430; x_wconf 78' lang='lat'>142.</span> <span class='ocrx_word' id='word_1_6' title='bbox 334 398 372 412; x_wconf 84' lang='lat'>-·</span> <span class='ocrx_word' id='word_1_7' title='bbox 413 366 521 429; x_wconf 75' lang='lat' dir='ltr'>Tussis</span> <span class='ocrx_word' id='word_1_8' title='bbox 546 370 569 430; x_wconf 89' lang='lat' dir='ltr'>l.</span> <span class='ocrx_word' id='word_1_9' title='bbox 596 370 740 430; x_wconf 82' lang='lat' dir='ltr'>Scientio</span> <span class='ocrx_word' id='word_1_10' title='bbox 762 374 806 432; x_wconf 86' lang='lat' dir='ltr'>cst</span> <span class='ocrx_word' id='word_1_11' title='bbox 829 371 868 432; x_wconf 86' lang='lat' dir='ltr'>de</span> <span class='ocrx_word' id='word_1_12' title='bbox 899 359 1153 443; x_wconf 81' lang='lat' dir='ltr'>uniuersalibus,</span> <span class='ocrx_word' id='word_1_13' title='bbox 1178 385 1239 431; x_wconf 83' lang='lat' dir='ltr'>ror</span> 
     </span>
     <span class='ocr_line' id='line_1_3' title="bbox 265 448 629 526; baseline 0.003 -18"><span class='ocrx_word' id='word_1_14' title='bbox 265 463 341 517; x_wconf 84' lang='lat' dir='ltr'>vcro</span> <span class='ocrx_word' id='word_1_15' title='bbox 356 449 396 510; x_wconf 84' lang='lat' dir='ltr'>de</span> <span class='ocrx_word' id='word_1_16' title='bbox 410 448 629 526; x_wconf 68' lang='lat' dir='ltr'>singularibus</span> 
     </span>
    </p>
   </div>
   <div class='ocr_carea' id='block_1_3' title="bbox 148 551 1241 3260">
    <p class='ocr_par' dir='ltr' id='par_1_3' title="bbox 215 551 1239 793">
     <span class='ocr_line' id='line_1_4' title="bbox 262 551 1238 631; baseline 0.005 -19"><span class='ocrx_word' id='word_1_17' title='bbox 262 551 345 613; x_wconf 90' lang='lat' dir='ltr'>lllud</span> <span class='ocrx_word' id='word_1_18' title='bbox 371 553 579 630; x_wconf 88' lang='lat' dir='ltr'>principium,</span> <span class='ocrx_word' id='word_1_19' title='bbox 608 569 627 612; x_wconf 92' lang='lat' dir='ltr'>a</span> <span class='ocrx_word' id='word_1_20' title='bbox 655 553 790 615; x_wconf 88' lang='lat' dir='ltr'>Platone</span> <span class='ocrx_word' id='word_1_21' title='bbox 804 557 1023 631; x_wconf 91' lang='lat' dir='ltr'>propositum,</span> <span class='ocrx_word' id='word_1_22' title='bbox 1041 560 1077 616; x_wconf 96' lang='lat' dir='ltr'>ut</span> <span class='ocrx_word' id='word_1_23' title='bbox 1090 557 1238 619; x_wconf 88' lang='lat' dir='ltr'>scientia</span> 
     </span>
     <span class='ocr_line' id='line_1_5' title="bbox 215 631 1239 712; baseline 0.003 -18"><span class='ocrx_word' id='word_1_24' title='bbox 215 631 456 695; x_wconf 88' lang='lat' dir='ltr'>certitudinem</span> <span class='ocrx_word' id='word_1_25' title='bbox 479 637 590 694; x_wconf 91' lang='lat' dir='ltr'>contra</span> <span class='ocrx_word' id='word_1_26' title='bbox 625 632 837 712; x_wconf 75' lang='lat' dir='ltr'><strong>Protagoram</strong></span> <span class='ocrx_word' id='word_1_27' title='bbox 859 635 1050 705; x_wconf 88' lang='lat' dir='ltr'>vindicaret,</span> <span class='ocrx_word' id='word_1_28' title='bbox 1079 641 1114 695; x_wconf 89' lang='grc' dir='ltr'><strong>ει</strong></span> <span class='ocrx_word' id='word_1_29' title='bbox 1151 635 1239 712; x_wconf 90' lang='lat' dir='ltr'>apud</span> 
     </span>
     <span class='ocr_line' id='line_1_6' title="bbox 221 712 1086 793; baseline 0 -19"><span class='ocrx_word' id='word_1_30' title='bbox 221 712 434 791; x_wconf 90' lang='lat' dir='ltr'>philosophos</span> <span class='ocrx_word' id='word_1_31' title='bbox 454 714 733 790; x_wconf 88' lang='lat' dir='ltr'>receptissimum,</span> <span class='ocrx_word' id='word_1_32' title='bbox 748 715 795 774; x_wconf 93' lang='lat' dir='ltr'>sic</span> <span class='ocrx_word' id='word_1_33' title='bbox 816 713 942 778; x_wconf 78' lang='lat' dir='ltr'>adstrui</span> <span class='ocrx_word' id='word_1_34' title='bbox 955 719 1065 793; x_wconf 88' lang='lat' dir='ltr'>potest</span> <span class='ocrx_word' id='word_1_35' title='bbox 1080 734 1086 774; x_wconf 92' lang='lat'>:</span> 
     </span>
    </p>

    <p class='ocr_par' dir='ltr' id='par_1_4' title="bbox 216 793 1241 1268">
     <span class='ocr_line' id='line_1_7' title="bbox 263 793 1240 872; baseline 0.002 -20"><span class='ocrx_word' id='word_1_36' title='bbox 263 794 437 853; x_wconf 82' lang='lat' dir='ltr'>Probatur.</span> <span class='ocrx_word' id='word_1_37' title='bbox 468 795 498 856; x_wconf 88' lang='lat'>1⁰</span> <span class='ocrx_word' id='word_1_38' title='bbox 521 798 544 854; x_wconf 85' lang='lat' dir='ltr'><em>A</em></span> <span class='ocrx_word' id='word_1_39' title='bbox 569 793 755 868; x_wconf 73' lang='lat' dir='ltr'><em>posteriori.</em></span> <span class='ocrx_word' id='word_1_40' title='bbox 786 794 942 855; x_wconf 92' lang='lat' dir='ltr'>Notiones</span> <span class='ocrx_word' id='word_1_41' title='bbox 971 811 1041 872; x_wconf 80' lang='lat' dir='ltr'>qua</span> <span class='ocrx_word' id='word_1_42' title='bbox 1067 793 1240 872; x_wconf 86' lang='lat' dir='ltr'>objectum</span> 
     </span>
     <span class='ocr_line' id='line_1_8' title="bbox 222 873 1237 950; baseline 0.002 -18"><span class='ocrx_word' id='word_1_43' title='bbox 222 873 365 933; x_wconf 80' lang='lat' dir='ltr'>scientia</span> <span class='ocrx_word' id='word_1_44' title='bbox 382 874 595 946; x_wconf 88' lang='lat' dir='ltr'>constituunt,</span> <span class='ocrx_word' id='word_1_45' title='bbox 607 879 824 950; x_wconf 86' lang='lat' dir='ltr'>suntsemper</span> <span class='ocrx_word' id='word_1_46' title='bbox 833 875 970 936; x_wconf 86' lang='lat' dir='ltr'>rationes</span> <span class='ocrx_word' id='word_1_47' title='bbox 984 874 1137 950; x_wconf 90' lang='lat' dir='ltr'>pluribus</span> <span class='ocrx_word' id='word_1_48' title='bbox 1149 889 1237 934; x_wconf 85' lang='lat' dir='ltr'>corn-</span> 
     </span>
     <span class='ocr_line' id='line_1_9' title="bbox 216 953 1240 1030; baseline 0.001 -18"><span class='ocrx_word' id='word_1_49' title='bbox 216 967 353 1024; x_wconf 78' lang='lat' dir='ltr'>·muneS,</span> <span class='ocrx_word' id='word_1_50' title='bbox 377 955 434 1012; x_wconf 89' lang='lat' dir='ltr'>aut</span> <span class='ocrx_word' id='word_1_51' title='bbox 448 953 566 1014; x_wconf 90' lang='lat' dir='ltr'>saltem</span> <span class='ocrx_word' id='word_1_52' title='bbox 581 969 651 1030; x_wconf 81' lang='lat' dir='ltr'>qua</span> <span class='ocrx_word' id='word_1_53' title='bbox 666 957 805 1030; x_wconf 80' lang='lat' dir='ltr'>possunt</span> <span class='ocrx_word' id='word_1_54' title='bbox 828 969 901 1016; x_wconf 88' lang='lat' dir='ltr'>esse</span> <span class='ocrx_word' id='word_1_55' title='bbox 918 953 1063 1030; x_wconf 86' lang='lat' dir='ltr'>pluribus</span> <span class='ocrx_word' id='word_1_56' title='bbox 1085 968 1240 1014; x_wconf 92' lang='lat' dir='ltr'>commu-</span> 
     </span>
     <span class='ocr_line' id='line_1_10' title="bbox 223 1032 1241 1109; baseline 0.004 -19"><span class='ocrx_word' id='word_1_57' title='bbox 223 1046 296 1092; x_wconf 87' lang='lat' dir='ltr'><strong>nes.</strong></span> <span class='ocrx_word' id='word_1_58' title='bbox 312 1033 412 1108; x_wconf 84' lang='lat' dir='ltr'>Atqui</span> <span class='ocrx_word' id='word_1_59' title='bbox 425 1035 505 1094; x_wconf 90' lang='lat' dir='ltr'>ratio</span> <span class='ocrx_word' id='word_1_60' title='bbox 520 1032 668 1109; x_wconf 92' lang='lat' dir='ltr'>pluribus</span> <span class='ocrx_word' id='word_1_61' title='bbox 693 1035 875 1094; x_wconf 88' lang='lat' dir='ltr'>eommunis</span> <span class='ocrx_word' id='word_1_62' title='bbox 904 1041 954 1095; x_wconf 89' lang='lat' dir='ltr'>est</span> <span class='ocrx_word' id='word_1_63' title='bbox 981 1050 1081 1093; x_wconf 84' lang='lat' dir='ltr'>unum</span> <span class='ocrx_word' id='word_1_64' title='bbox 1117 1033 1241 1094; x_wconf 80' lang='lat' dir='ltr'>babens</span> 
     </span>
     <span class='ocr_line' id='line_1_11' title="bbox 220 1109 1240 1193; baseline 0.003 -23"><span class='ocrx_word' id='word_1_65' title='bbox 220 1110 444 1171; x_wconf 70' lang='lat' dir='ltr'><em>habitudinem</em></span> <span class='ocrx_word' id='word_1_66' title='bbox 459 1114 503 1172; x_wconf 87' lang='lat' dir='ltr'>ad</span> <span class='ocrx_word' id='word_1_67' title='bbox 518 1111 622 1171; x_wconf 81' lang='lat' dir='ltr'>mutto</span> <span class='ocrx_word' id='word_1_68' title='bbox 637 1112 701 1191; x_wconf 87' lang='grc'><strong>(44,</strong></span> <span class='ocrx_word' id='word_1_69' title='bbox 724 1109 786 1190; x_wconf 82' lang='grc'><strong>45).</strong></span> <span class='ocrx_word' id='word_1_70' title='bbox 803 1115 888 1192; x_wconf 82' lang='lat' dir='ltr'>Ergo</span> <span class='ocrx_word' id='word_1_71' title='bbox 903 1114 1070 1193; x_wconf 87' lang='lat' dir='ltr'>objectum</span> <span class='ocrx_word' id='word_1_72' title='bbox 1091 1113 1240 1174; x_wconf 86' lang='lat' dir='ltr'>scientia</span> 
     </span>
     <span class='ocr_line' id='line_1_12' title="bbox 224 1190 779 1268; baseline 0 -18"><span class='ocrx_word' id='word_1_73' title='bbox 224 1195 275 1263; x_wconf 88' lang='lat' dir='ltr'>est</span> <span class='ocrx_word' id='word_1_74' title='bbox 289 1205 423 1267; x_wconf 86' lang='lat' dir='ltr'>semper</span> <span class='ocrx_word' id='word_1_75' title='bbox 432 1190 567 1268; x_wconf 85' lang='lat' dir='ltr'>aliquod</span> <span class='ocrx_word' id='word_1_76' title='bbox 581 1193 779 1253; x_wconf 90' lang='lat' dir='ltr'>universale.</span> 
     </span>
    </p>

    <p class='ocr_par' dir='ltr' id='par_1_5' title="bbox 220 1269 1241 2144">
     <span class='ocr_line' id='line_1_13' title="bbox 264 1269 1238 1350; baseline 0.002 -20"><span class='ocrx_word' id='word_1_77' title='bbox 264 1269 380 1344; x_wconf 83' lang='lat' dir='ltr'>Quoad</span> <span class='ocrx_word' id='word_1_78' title='bbox 393 1271 554 1350; x_wconf 88' lang='lat' dir='ltr'>majorem</span> <span class='ocrx_word' id='word_1_79' title='bbox 564 1269 894 1332; x_wconf 87' lang='lat' dir='ltr'>animadvertendum</span> <span class='ocrx_word' id='word_1_80' title='bbox 911 1276 961 1331; x_wconf 97' lang='grc' dir='ltr'>εει</span> <span class='ocrx_word' id='word_1_81' title='bbox 975 1271 1149 1332; x_wconf 88' lang='lat' dir='ltr'>scientiam</span> <span class='ocrx_word' id='word_1_82' title='bbox 1166 1286 1238 1332; x_wconf 88' lang='lat' dir='ltr'>esse</span> 
     </span>
     <span class='ocr_line' id='line_1_14' title="bbox 222 1348 1241 1429; baseline -0.002 -17"><span class='ocrx_word' id='word_1_83' title='bbox 222 1348 346 1412; x_wconf 80' lang='lat' dir='ltr'>ordinis</span> <span class='ocrx_word' id='word_1_84' title='bbox 357 1351 570 1429; x_wconf 89' lang='lat' dir='ltr'>intelligibilis</span> <span class='ocrx_word' id='word_1_85' title='bbox 581 1350 733 1429; x_wconf 84' lang='lat' dir='ltr'>adeoque</span> <span class='ocrx_word' id='word_1_86' title='bbox 749 1351 979 1420; x_wconf 86' lang='lat' dir='ltr'>abstracti‚seu</span> <span class='ocrx_word' id='word_1_87' title='bbox 990 1367 1057 1411; x_wconf 92' lang='lat' dir='ltr'>non</span> <span class='ocrx_word' id='word_1_88' title='bbox 1072 1351 1193 1411; x_wconf 75' lang='lat' dir='ltr'>sistere</span> <span class='ocrx_word' id='word_1_89' title='bbox 1208 1353 1241 1412; x_wconf 86' lang='lat' dir='ltr'>in</span> 
     </span>
     <span class='ocr_line' id='line_1_15' title="bbox 220 1430 1237 1510; baseline 0.001 -21"><span class='ocrx_word' id='word_1_90' title='bbox 220 1430 437 1491; x_wconf 76' lang='lat' dir='ltr'>sensibilitate</span> <span class='ocrx_word' id='word_1_91' title='bbox 453 1447 523 1507; x_wconf 78' lang='lat' dir='ltr'>qua</span> <span class='ocrx_word' id='word_1_92' title='bbox 538 1431 675 1507; x_wconf 83' lang='lat' dir='ltr'>percipit</span> <span class='ocrx_word' id='word_1_93' title='bbox 696 1432 885 1510; x_wconf 90' lang='lat' dir='ltr'>singularia,</span> <span class='ocrx_word' id='word_1_94' title='bbox 898 1433 936 1489; x_wconf 93' lang='lat' dir='ltr'>ut</span> <span class='ocrx_word' id='word_1_95' title='bbox 949 1431 1128 1509; x_wconf 84' lang='lat' dir='ltr'>singularia</span> <span class='ocrx_word' id='word_1_96' title='bbox 1144 1435 1237 1504; x_wconf 76' lang='lat' dir='ltr'>sunt3</span> 
     </span>
     <span class='ocr_line' id='line_1_16' title="bbox 222 1509 1239 1589; baseline 0.002 -22"><span class='ocrx_word' id='word_1_97' title='bbox 222 1509 361 1584; x_wconf 89' lang='lat' dir='ltr'>proinde</span> <span class='ocrx_word' id='word_1_98' title='bbox 379 1509 511 1588; x_wconf 88' lang='lat' dir='ltr'>quando</span> <span class='ocrx_word' id='word_1_99' title='bbox 522 1516 671 1571; x_wconf 88' lang='lat' dir='ltr'>versatur</span> <span class='ocrx_word' id='word_1_100' title='bbox 693 1514 779 1572; x_wconf 90' lang='lat' dir='ltr'>circa</span> <span class='ocrx_word' id='word_1_101' title='bbox 794 1509 983 1589; x_wconf 80' lang='lat' dir='ltr'>singularia,</span> <span class='ocrx_word' id='word_1_102' title='bbox 1005 1511 1116 1571; x_wconf 88' lang='lat' dir='ltr'>isthaec</span> <span class='ocrx_word' id='word_1_103' title='bbox 1132 1513 1239 1572; x_wconf 89' lang='lat' dir='ltr'>consi-</span> 
     </span>
     <span class='ocr_line' id='line_1_17' title="bbox 223 1587 1239 1668; baseline 0.001 -20"><span class='ocrx_word' id='word_1_104' title='bbox 223 1587 319 1648; x_wconf 90' lang='lat' dir='ltr'>derat</span> <span class='ocrx_word' id='word_1_105' title='bbox 332 1597 496 1666; x_wconf 87' lang='lat' dir='ltr'>quatenus</span> <span class='ocrx_word' id='word_1_106' title='bbox 510 1590 633 1651; x_wconf 89' lang='lat' dir='ltr'>habent</span> <span class='ocrx_word' id='word_1_107' title='bbox 652 1590 813 1667; x_wconf 89' lang='lat' dir='ltr'>quasdam</span> <span class='ocrx_word' id='word_1_108' title='bbox 827 1593 1055 1668; x_wconf 85' lang='lat' dir='ltr'>proprietates,</span> <span class='ocrx_word' id='word_1_109' title='bbox 1073 1607 1145 1668; x_wconf 84' lang='lat' dir='ltr'>quae</span> <span class='ocrx_word' id='word_1_110' title='bbox 1161 1593 1197 1650; x_wconf 80' lang='lat' dir='ltr'>ire</span> <span class='ocrx_word' id='word_1_111' title='bbox 1209 1607 1239 1650; x_wconf 87' lang='lat' dir='ltr'>sc</span> 
     </span>
     <span class='ocr_line' id='line_1_18' title="bbox 221 1667 1234 1748; baseline 0.001 -21"><span class='ocrx_word' id='word_1_112' title='bbox 221 1670 257 1727; x_wconf 89' lang='grc' dir='ltr'><strong>ει</strong></span> <span class='ocrx_word' id='word_1_113' title='bbox 268 1667 584 1729; x_wconf 85' lang='lat' dir='ltr'>abstractionefacta</span> <span class='ocrx_word' id='word_1_114' title='bbox 594 1670 734 1748; x_wconf 83' lang='lat' dir='ltr'>subjecti</span> <span class='ocrx_word' id='word_1_115' title='bbox 745 1671 921 1748; x_wconf 86' lang='lat' dir='ltr'>singularis</span> <span class='ocrx_word' id='word_1_116' title='bbox 932 1671 1234 1747; x_wconf 84' lang='lat' dir='ltr'>spectaripossunt.</span> 
     </span>
     <span class='ocr_line' id='line_1_19' title="bbox 222 1746 1237 1828; baseline 0.002 -21"><span class='ocrx_word' id='word_1_117' title='bbox 222 1746 319 1821; x_wconf 84' lang='lat' dir='ltr'>Quod</span> <span class='ocrx_word' id='word_1_118' title='bbox 332 1750 552 1825; x_wconf 87' lang='lat' dir='ltr'>proprietates</span> <span class='ocrx_word' id='word_1_119' title='bbox 562 1750 595 1809; x_wconf 91' lang='lat' dir='ltr'>in</span> <span class='ocrx_word' id='word_1_120' title='bbox 613 1752 668 1810; x_wconf 90' lang='lat' dir='ltr'>tali</span> <span class='ocrx_word' id='word_1_121' title='bbox 682 1751 829 1828; x_wconf 84' lang='lat' dir='ltr'>subjecto</span> <span class='ocrx_word' id='word_1_122' title='bbox 845 1751 955 1821; x_wconf 88' lang='lat' dir='ltr'>insint,</span> <span class='ocrx_word' id='word_1_123' title='bbox 972 1750 1035 1812; x_wconf 90' lang='lat' dir='ltr'>hoc</span> <span class='ocrx_word' id='word_1_124' title='bbox 1048 1756 1096 1810; x_wconf 89' lang='lat' dir='ltr'>est</span> <span class='ocrx_word' id='word_1_125' title='bbox 1111 1747 1237 1810; x_wconf 85' lang='lat' dir='ltr'>iactum</span> 
     </span>
     <span class='ocr_line' id='line_1_20' title="bbox 221 1828 1234 1906; baseline 0.001 -20"><span class='ocrx_word' id='word_1_126' title='bbox 221 1830 396 1888; x_wconf 85' lang='lat' dir='ltr'>transiens.</span> <span class='ocrx_word' id='word_1_127' title='bbox 420 1829 498 1888; x_wconf 89' lang='lat' dir='ltr'>Hinc</span> <span class='ocrx_word' id='word_1_128' title='bbox 524 1832 753 1906; x_wconf 72' lang='lat' dir='ltr'>proprietates</span> <span class='ocrx_word' id='word_1_129' title='bbox 779 1833 878 1892; x_wconf 89' lang='lat' dir='ltr'>etiam</span> <span class='ocrx_word' id='word_1_130' title='bbox 927 1828 1160 1894; x_wconf 83' lang='lat' dir='ltr'>individuales,</span> <span class='ocrx_word' id='word_1_131' title='bbox 1203 1829 1234 1888; x_wconf 92' lang='lat' dir='ltr'>in</span> 
     </span>
     <span class='ocr_line' id='line_1_21' title="bbox 221 1907 1234 1989; baseline 0.001 -22"><span class='ocrx_word' id='word_1_132' title='bbox 221 1907 360 1968; x_wconf 91' lang='lat' dir='ltr'>scientia</span> <span class='ocrx_word' id='word_1_133' title='bbox 372 1907 621 1969; x_wconf 88' lang='lat' dir='ltr'>considerantur</span> <span class='ocrx_word' id='word_1_134' title='bbox 635 1909 734 1970; x_wconf 90' lang='lat' dir='ltr'>modo</span> <span class='ocrx_word' id='word_1_135' title='bbox 749 1909 947 1989; x_wconf 83' lang='lat' dir='ltr'>intelligibili</span> <span class='ocrx_word' id='word_1_136' title='bbox 959 1914 992 1969; x_wconf 90' lang='lat' dir='ltr'>et</span> <span class='ocrx_word' id='word_1_137' title='bbox 1005 1910 1039 1970; x_wconf 91' lang='lat' dir='ltr'>in</span> <span class='ocrx_word' id='word_1_138' title='bbox 1054 1911 1234 1978; x_wconf 87' lang='lat' dir='ltr'>abstracto,</span> 
     </span>
     <span class='ocr_line' id='line_1_22' title="bbox 222 1986 1235 2062; baseline 0 -16"><span class='ocrx_word' id='word_1_139' title='bbox 222 2002 260 2046; x_wconf 86' lang='lat' dir='ltr'>ac</span> <span class='ocrx_word' id='word_1_140' title='bbox 273 1986 413 2062; x_wconf 89' lang='lat' dir='ltr'>proinde</span> <span class='ocrx_word' id='word_1_141' title='bbox 428 1989 489 2048; x_wconf 91' lang='lat' dir='ltr'>sub</span> <span class='ocrx_word' id='word_1_142' title='bbox 511 1991 638 2049; x_wconf 88' lang='lat' dir='ltr'>ratione</span> <span class='ocrx_word' id='word_1_143' title='bbox 650 1991 832 2061; x_wconf 88' lang='lat' dir='ltr'>communi,</span> <span class='ocrx_word' id='word_1_144' title='bbox 848 2006 910 2051; x_wconf 88' lang='lat' dir='ltr'>seu</span> <span class='ocrx_word' id='word_1_145' title='bbox 931 1989 992 2049; x_wconf 93' lang='lat' dir='ltr'>sub</span> <span class='ocrx_word' id='word_1_146' title='bbox 1008 1992 1136 2050; x_wconf 89' lang='lat' dir='ltr'>ratione</span> <span class='ocrx_word' id='word_1_147' title='bbox 1160 1988 1235 2047; x_wconf 92' lang='lat' dir='ltr'>uni-</span> 
     </span>
     <span class='ocr_line' id='line_1_23' title="bbox 220 2067 644 2144; baseline 0.005 -18"><span class='ocrx_word' id='word_1_148' title='bbox 220 2067 416 2127; x_wconf 87' lang='lat' dir='ltr'>versalitatis</span> <span class='ocrx_word' id='word_1_149' title='bbox 430 2069 644 2144; x_wconf 90' lang='lat' dir='ltr'>accipiuntur.</span> 
     </span>
    </p>

    <p class='ocr_par' dir='ltr' id='par_1_6' title="bbox 219 2145 1231 2384">
     <span class='ocr_line' id='line_1_24' title="bbox 260 2145 1231 2226; baseline 0 -20"><span class='ocrx_word' id='word_1_150' title='bbox 260 2146 293 2206; x_wconf 80' lang='lat'>2⁰</span> <span class='ocrx_word' id='word_1_151' title='bbox 307 2150 328 2205; x_wconf 84' lang='grc' dir='ltr'><em>Α</em></span> <span class='ocrx_word' id='word_1_152' title='bbox 338 2148 459 2222; x_wconf 78' lang='lat' dir='ltr'>priori.</span> <span class='ocrx_word' id='word_1_153' title='bbox 476 2148 617 2209; x_wconf 76' lang='lat' dir='ltr'>scientia</span> <span class='ocrx_word' id='word_1_154' title='bbox 634 2153 691 2208; x_wconf 90' lang='lat' dir='ltr'>est</span> <span class='ocrx_word' id='word_1_155' title='bbox 712 2147 853 2226; x_wconf 87' lang='lat' dir='ltr'>cognitio</span> <span class='ocrx_word' id='word_1_156' title='bbox 879 2145 1042 2223; x_wconf 80' lang='lat' dir='ltr'>perfecta3</span> <span class='ocrx_word' id='word_1_157' title='bbox 1059 2149 1149 2224; x_wconf 87' lang='lat' dir='ltr'>atqui</span> <span class='ocrx_word' id='word_1_158' title='bbox 1178 2163 1231 2206; x_wconf 93' lang='lat' dir='ltr'>co·</span> 
     </span>
     <span class='ocr_line' id='line_1_25' title="bbox 220 2222 1231 2366; baseline 0.001 -82"><span class='ocrx_word' id='word_1_159' title='bbox 220 2222 325 2364; x_wconf 43' lang='lat' dir='ltr'>gndio</span> <span class='ocrx_word' id='word_1_160' title='bbox 339 2227 528 2366; x_wconf 59' lang='lat' dir='ltr'>urFriversalis</span> <span class='ocrx_word' id='word_1_161' title='bbox 543 2227 720 2305; x_wconf 85' lang='lat' dir='ltr'>perfectior</span> <span class='ocrx_word' id='word_1_162' title='bbox 732 2233 792 2300; x_wconf 89' lang='lat' dir='ltr'>est,</span> <span class='ocrx_word' id='word_1_163' title='bbox 808 2232 845 2287; x_wconf 93' lang='lat' dir='ltr'>ut</span> <span class='ocrx_word' id='word_1_164' title='bbox 861 2227 945 2299; x_wconf 73' lang='lat' dir='ltr'>talis</span> <span class='ocrx_word' id='word_1_165' title='bbox 964 2227 1153 2306; x_wconf 86' lang='lat' dir='ltr'>cognitione</span> <span class='ocrx_word' id='word_1_166' title='bbox 1170 2227 1231 2286; x_wconf 92' lang='lat' dir='ltr'>sin·</span> 
     </span>
     <span class='ocr_line' id='line_1_26' title="bbox 219 2321 949 2384; baseline 0.001 -19"><span class='ocrx_word' id='word_1_167' title='bbox 219 2321 337 2384; x_wconf 86' lang='lat' dir='ltr'>guarr.</span> <span class='ocrx_word' id='word_1_168' title='bbox 386 2322 457 2384; x_wconf 91' lang='lat' dir='ltr'>rgo.</span> <span class='ocrx_word' id='word_1_169' title='bbox 943 2367 949 2382; x_wconf 67' lang='grc'>,</span> 
     </span>
    </p>

    <p class='ocr_par' dir='ltr' id='par_1_7' title="bbox 148 2383 1233 2624">
     <span class='ocr_line' id='line_1_27' title="bbox 261 2383 1233 2466; baseline -0.002 -21"><span class='ocrx_word' id='word_1_170' title='bbox 261 2385 403 2448; x_wconf 88' lang='lat' dir='ltr'>Scientia</span> <span class='ocrx_word' id='word_1_171' title='bbox 425 2390 476 2446; x_wconf 94' lang='lat' dir='ltr'>est</span> <span class='ocrx_word' id='word_1_172' title='bbox 497 2387 640 2466; x_wconf 87' lang='lat' dir='ltr'>cognitio</span> <span class='ocrx_word' id='word_1_173' title='bbox 654 2386 853 2447; x_wconf 88' lang='lat' dir='ltr'>invariabilis</span> <span class='ocrx_word' id='word_1_174' title='bbox 868 2389 902 2446; x_wconf 92' lang='lat' dir='ltr'>et</span> <span class='ocrx_word' id='word_1_175' title='bbox 916 2389 1019 2456; x_wconf 87' lang='lat' dir='ltr'>certa;</span> <span class='ocrx_word' id='word_1_176' title='bbox 1047 2383 1138 2462; x_wconf 91' lang='lat' dir='ltr'>atqui</span> <span class='ocrx_word' id='word_1_177' title='bbox 1164 2383 1233 2443; x_wconf 90' lang='lat' dir='ltr'>sola</span> 
     </span>
     <span class='ocr_line' id='line_1_28' title="bbox 148 2465 1229 2543; baseline -0.001 -17"><span class='ocrx_word' id='word_1_178' title='bbox 148 2488 150 2491; x_wconf 94' lang='lat'>·</span> <span class='ocrx_word' id='word_1_179' title='bbox 223 2466 362 2540; x_wconf 87' lang='lat' dir='ltr'>cognitio</span> <span class='ocrx_word' id='word_1_180' title='bbox 385 2482 455 2542; x_wconf 83' lang='lat' dir='ltr'>qua</span> <span class='ocrx_word' id='word_1_181' title='bbox 470 2470 521 2526; x_wconf 91' lang='lat' dir='ltr'>est</span> <span class='ocrx_word' id='word_1_182' title='bbox 536 2467 578 2527; x_wconf 92' lang='lat' dir='ltr'>de</span> <span class='ocrx_word' id='word_1_183' title='bbox 587 2467 842 2538; x_wconf 87' lang='lat' dir='ltr'>universalibus,</span> <span class='ocrx_word' id='word_1_184' title='bbox 866 2469 1064 2543; x_wconf 88' lang='lat' dir='ltr'>potestesse</span> <span class='ocrx_word' id='word_1_185' title='bbox 1092 2465 1229 2525; x_wconf 89' lang='lat' dir='ltr'>invaria-</span> 
     </span>
     <span class='ocr_line' id='line_1_29' title="bbox 218 2544 818 2624; baseline 0.002 -19"><span class='ocrx_word' id='word_1_186' title='bbox 218 2544 294 2605; x_wconf 91' lang='lat' dir='ltr'>bilis</span> <span class='ocrx_word' id='word_1_187' title='bbox 317 2549 350 2606; x_wconf 90' lang='lat' dir='ltr'>et</span> <span class='ocrx_word' id='word_1_188' title='bbox 365 2549 465 2606; x_wconf 86' lang='lat' dir='ltr'>certa.</span> <span class='ocrx_word' id='word_1_189' title='bbox 481 2547 578 2624; x_wconf 83' lang='lat' dir='ltr'>Ergo.</span> <span class='ocrx_word' id='word_1_190' title='bbox 815 2613 818 2619; x_wconf 53' lang='grc'><em>,</em></span> 
     </span>
    </p>

    <p class='ocr_par' dir='ltr' id='par_1_8' title="bbox 264 2622 1230 2702">
     <span class='ocr_line' id='line_1_30' title="bbox 264 2622 1230 2702; baseline -0.004 -16"><span class='ocrx_word' id='word_1_191' title='bbox 264 2625 332 2686; x_wconf 87' lang='grc'><strong>143.</strong></span> <span class='ocrx_word' id='word_1_192' title='bbox 345 2659 383 2668; x_wconf 94' lang='grc'>-</span> <span class='ocrx_word' id='word_1_193' title='bbox 396 2626 629 2686; x_wconf 72' lang='lat' dir='ltr'>corollarium.</span> <span class='ocrx_word' id='word_1_194' title='bbox 642 2627 684 2687; x_wconf 91' lang='lat' dir='ltr'>Ut</span> <span class='ocrx_word' id='word_1_195' title='bbox 693 2641 732 2684; x_wconf 86' lang='lat' dir='ltr'>ex</span> <span class='ocrx_word' id='word_1_196' title='bbox 744 2624 828 2685; x_wconf 86' lang='lat' dir='ltr'>thesi</span> <span class='ocrx_word' id='word_1_197' title='bbox 846 2624 1112 2702; x_wconf 88' lang='lat' dir='ltr'>patetobjectum</span> <span class='ocrx_word' id='word_1_198' title='bbox 1127 2622 1230 2683; x_wconf 88' lang='lat' dir='ltr'>seien-</span> 
     </span>
    </p>

    <p class='ocr_par' dir='ltr' id='par_1_9' title="bbox 196 2701 1228 3260">
     <span class='ocr_line' id='line_1_31' title="bbox 223 2701 1228 2782; baseline 0 -21"><span class='ocrx_word' id='word_1_199' title='bbox 223 2701 282 2771; x_wconf 87' lang='lat' dir='ltr'>tiae,</span> <span class='ocrx_word' id='word_1_200' title='bbox 295 2705 328 2764; x_wconf 93' lang='lat' dir='ltr'>in</span> <span class='ocrx_word' id='word_1_201' title='bbox 343 2709 504 2782; x_wconf 89' lang='lat' dir='ltr'>quantum</span> <span class='ocrx_word' id='word_1_202' title='bbox 517 2703 712 2782; x_wconf 89' lang='lat' dir='ltr'>pertinetad</span> <span class='ocrx_word' id='word_1_203' title='bbox 727 2705 876 2765; x_wconf 88' lang='lat' dir='ltr'>ordinem</span> <span class='ocrx_word' id='word_1_204' title='bbox 886 2703 1039 2776; x_wconf 90' lang='lat' dir='ltr'>idealem,</span> <span class='ocrx_word' id='word_1_205' title='bbox 1056 2705 1141 2765; x_wconf 82' lang='lat' dir='ltr'>etsie</span> <span class='ocrx_word' id='word_1_206' title='bbox 1158 2703 1228 2762; x_wconf 91' lang='lat' dir='ltr'>abs·</span> 
     </span>
     <span class='ocr_line' id='line_1_32' title="bbox 196 2782 1227 2864; baseline 0.001 -23"><span class='ocrx_word' id='word_1_207' title='bbox 196 2800 199 2804; x_wconf 59' lang='grc'>“</span> <span class='ocrx_word' id='word_1_208' title='bbox 220 2784 317 2845; x_wconf 89' lang='lat' dir='ltr'>trahit</span> <span class='ocrx_word' id='word_1_209' title='bbox 331 2786 371 2844; x_wconf 92' lang='lat' dir='ltr'>ab</span> <span class='ocrx_word' id='word_1_210' title='bbox 388 2785 562 2846; x_wconf 83' lang='lat' dir='ltr'>existentia</span> <span class='ocrx_word' id='word_1_211' title='bbox 577 2785 790 2864; x_wconf 87' lang='lat' dir='ltr'>contingenti,</span> <span class='ocrx_word' id='word_1_212' title='bbox 809 2782 909 2844; x_wconf 88' lang='lat' dir='ltr'>debet</span> <span class='ocrx_word' id='word_1_213' title='bbox 925 2799 998 2844; x_wconf 87' lang='lat' dir='ltr'>esse</span> <span class='ocrx_word' id='word_1_214' title='bbox 1010 2799 1063 2843; x_wconf 90' lang='lat' dir='ltr'>res</span> <span class='ocrx_word' id='word_1_215' title='bbox 1078 2793 1227 2842; x_wconf 87' lang='lat' dir='ltr'>necessa-</span> 
     </span>
     <span class='ocr_line' id='line_1_33' title="bbox 218 2861 1225 2926; baseline 0.001 -5"><span class='ocrx_word' id='word_1_216' title='bbox 218 2861 277 2923; x_wconf 88' lang='lat' dir='ltr'>ria.</span> <span class='ocrx_word' id='word_1_217' title='bbox 301 2865 371 2924; x_wconf 73' lang='lat' dir='ltr'>Haec</span> <span class='ocrx_word' id='word_1_218' title='bbox 391 2865 572 2926; x_wconf 87' lang='lat' dir='ltr'>necessitas</span> <span class='ocrx_word' id='word_1_219' title='bbox 595 2869 645 2924; x_wconf 92' lang='lat' dir='ltr'>est</span> <span class='ocrx_word' id='word_1_220' title='bbox 658 2866 712 2924; x_wconf 92' lang='lat' dir='ltr'>vel</span> <span class='ocrx_word' id='word_1_221' title='bbox 727 2864 875 2926; x_wconf 83' lang='lat' dir='ltr'>absoluto</span> <span class='ocrx_word' id='word_1_222' title='bbox 900 2879 961 2923; x_wconf 89' lang='lat' dir='ltr'>seu</span> <span class='ocrx_word' id='word_1_223' title='bbox 986 2879 1028 2924; x_wconf 83' lang='lat' dir='ltr'>ex</span> <span class='ocrx_word' id='word_1_224' title='bbox 1041 2879 1153 2922; x_wconf 93' lang='lat' dir='ltr'>rerum</span> <span class='ocrx_word' id='word_1_225' title='bbox 1175 2878 1225 2922; x_wconf 90' lang='lat' dir='ltr'>es·</span> 
     </span>
     <span class='ocr_line' id='line_1_34' title="bbox 219 2943 1228 3020; baseline 0 -20"><span class='ocrx_word' id='word_1_226' title='bbox 219 2943 1228 3020; x_wconf 70' lang='lat' dir='ltr'>sentiaresultansvelbppotlteticoseuexsuppositionelegum</span> 
     </span>
     <span class='ocr_line' id='line_1_35' title="bbox 218 3020 1227 3100; baseline 0.001 -20"><span class='ocrx_word' id='word_1_227' title='bbox 218 3020 430 3100; x_wconf 90' lang='lat' dir='ltr'>physicarum</span> <span class='ocrx_word' id='word_1_228' title='bbox 450 3029 507 3086; x_wconf 91' lang='lat' dir='ltr'>aut</span> <span class='ocrx_word' id='word_1_229' title='bbox 526 3024 701 3084; x_wconf 88' lang='lat' dir='ltr'>moralium</span> <span class='ocrx_word' id='word_1_230' title='bbox 714 3028 797 3083; x_wconf 90' lang='lat' dir='ltr'>orta.</span> <span class='ocrx_word' id='word_1_231' title='bbox 826 3021 950 3084; x_wconf 87' lang='lat' dir='ltr'>Eadem</span> <span class='ocrx_word' id='word_1_232' title='bbox 965 3027 1025 3094; x_wconf 87' lang='lat' dir='ltr'>est,</span> <span class='ocrx_word' id='word_1_233' title='bbox 1048 3038 1089 3082; x_wconf 84' lang='lat' dir='ltr'>ex</span> <span class='ocrx_word' id='word_1_234' title='bbox 1108 3020 1227 3100; x_wconf 87' lang='lat' dir='ltr'>objecti</span> 
     </span>
     <span class='ocr_line' id='line_1_36' title="bbox 218 3100 1228 3181; baseline 0.001 -21"><span class='ocrx_word' id='word_1_235' title='bbox 218 3107 322 3177; x_wconf 87' lang='lat' dir='ltr'>parte,</span> <span class='ocrx_word' id='word_1_236' title='bbox 340 3103 482 3166; x_wconf 87' lang='lat' dir='ltr'>conditio</span> <span class='ocrx_word' id='word_1_237' title='bbox 501 3105 572 3164; x_wconf 89' lang='lat' dir='ltr'>sine</span> <span class='ocrx_word' id='word_1_238' title='bbox 589 3119 653 3181; x_wconf 89' lang='lat' dir='ltr'>qua</span> <span class='ocrx_word' id='word_1_239' title='bbox 669 3117 746 3176; x_wconf 90' lang='lat' dir='ltr'>non,</span> <span class='ocrx_word' id='word_1_240' title='bbox 772 3119 832 3164; x_wconf 88' lang='lat' dir='ltr'>seu</span> <span class='ocrx_word' id='word_1_241' title='bbox 848 3103 957 3179; x_wconf 90' lang='lat' dir='ltr'>potius</span> <span class='ocrx_word' id='word_1_242' title='bbox 978 3100 1228 3162; x_wconf 83' lang='lat' dir='ltr'>fundamentum</span> 
     </span>
     <span class='ocr_line' id='line_1_37' title="bbox 218 3182 879 3260; baseline 0.003 -20"><span class='ocrx_word' id='word_1_243' title='bbox 218 3182 423 3244; x_wconf 89' lang='lat' dir='ltr'>certitudinis</span> <span class='ocrx_word' id='word_1_244' title='bbox 446 3200 510 3260; x_wconf 88' lang='lat' dir='ltr'>qua</span> <span class='ocrx_word' id='word_1_245' title='bbox 534 3184 596 3243; x_wconf 88' lang='lat' dir='ltr'>t&#39;rui</span> <span class='ocrx_word' id='word_1_246' title='bbox 612 3183 715 3244; x_wconf 90' lang='lat' dir='ltr'>debet</span> <span class='ocrx_word' id='word_1_247' title='bbox 730 3182 879 3243; x_wconf 90' lang='lat' dir='ltr'>scientia.</span> 
     </span>
    </p>
   </div>
   <div class='ocr_carea' id='block_1_4' title="bbox 220 3285 1228 3444">
    <p class='ocr_par' dir='ltr' id='par_1_10' title="bbox 220 3285 1228 3444">
     <span class='ocr_line' id='line_1_38' title="bbox 220 3285 1228 3363; baseline 0.002 -20"><span class='ocrx_word' id='word_1_248' title='bbox 220 3286 287 3347; x_wconf 84' lang='grc'><strong>144.</strong></span> <span class='ocrx_word' id='word_1_249' title='bbox 303 3321 343 3331; x_wconf 91' lang='grc'>-</span> <span class='ocrx_word' id='word_1_250' title='bbox 375 3289 492 3348; x_wconf 76' lang='lat' dir='ltr'>Tussis.</span> <span class='ocrx_word' id='word_1_251' title='bbox 520 3289 556 3348; x_wconf 90' lang='lat' dir='ltr'>ll.</span> <span class='ocrx_word' id='word_1_252' title='bbox 589 3289 734 3349; x_wconf 83' lang='lat' dir='ltr'>Scieutio</span> <span class='ocrx_word' id='word_1_253' title='bbox 758 3287 907 3363; x_wconf 77' lang='lat' dir='ltr'>perfecto</span> <span class='ocrx_word' id='word_1_254' title='bbox 927 3285 990 3345; x_wconf 87' lang='lat' dir='ltr'>itio</span> <span class='ocrx_word' id='word_1_255' title='bbox 1019 3289 1063 3345; x_wconf 87' lang='grc' dir='ltr'>εει</span> <span class='ocrx_word' id='word_1_256' title='bbox 1078 3299 1228 3360; x_wconf 77' lang='lat' dir='ltr'>quarere</span> 
     </span>
     <span class='ocr_line' id='line_1_39' title="bbox 258 3363 1102 3444; baseline -0.002 -19"><span class='ocrx_word' id='word_1_257' title='bbox 258 3366 403 3442; x_wconf 75' lang='lat' dir='ltr'>explieat</span> <span class='ocrx_word' id='word_1_258' title='bbox 411 3384 473 3444; x_wconf 84' lang='lat' dir='ltr'>per</span> <span class='ocrx_word' id='word_1_259' title='bbox 487 3385 620 3428; x_wconf 71' lang='lat' dir='ltr'>eausam</span> <span class='ocrx_word' id='word_1_260' title='bbox 635 3372 692 3428; x_wconf 85' lang='lat' dir='ltr'>out</span> <span class='ocrx_word' id='word_1_261' title='bbox 706 3364 866 3430; x_wconf 79' lang='lat' dir='ltr'>rationem</span> <span class='ocrx_word' id='word_1_262' title='bbox 880 3363 1102 3440; x_wconf 76' lang='lat' dir='ltr'>sufficientem.</span> 
     </span>
    </p>
   </div>
   <div class='ocr_carea' id='block_1_5' title="bbox 215 3468 1226 3711">
    <p class='ocr_par' dir='ltr' id='par_1_11' title="bbox 215 3468 1226 3711">
     <span class='ocr_line' id='line_1_40' title="bbox 259 3468 1226 3549; baseline -0.006 -17"><span class='ocrx_word' id='word_1_263' title='bbox 259 3471 433 3533; x_wconf 81' lang='lat' dir='ltr'>Probatur.</span> <span class='ocrx_word' id='word_1_264' title='bbox 450 3472 590 3534; x_wconf 85' lang='lat' dir='ltr'>scientia</span> <span class='ocrx_word' id='word_1_265' title='bbox 604 3469 751 3549; x_wconf 87' lang='lat' dir='ltr'>perfecta</span> <span class='ocrx_word' id='word_1_266' title='bbox 767 3487 806 3532; x_wconf 89' lang='lat' dir='ltr'>ea</span> <span class='ocrx_word' id='word_1_267' title='bbox 822 3476 871 3531; x_wconf 86' lang='lat' dir='ltr'>est</span> <span class='ocrx_word' id='word_1_268' title='bbox 885 3485 956 3548; x_wconf 81' lang='lat' dir='ltr'>qua</span> <span class='ocrx_word' id='word_1_269' title='bbox 972 3469 1001 3530; x_wconf 89' lang='lat' dir='ltr'>l⁰</span> <span class='ocrx_word' id='word_1_270' title='bbox 1011 3468 1109 3545; x_wconf 86' lang='lat' dir='ltr'>plene</span> <span class='ocrx_word' id='word_1_271' title='bbox 1122 3468 1226 3546; x_wconf 82' lang='lat' dir='ltr'>explet</span> 
     </span>
     <span class='ocr_line' id='line_1_41' title="bbox 215 3546 1224 3630; baseline -0.003 -19"><span class='ocrx_word' id='word_1_272' title='bbox 215 3551 471 3629; x_wconf 86' lang='lat' dir='ltr'>propensionem</span> <span class='ocrx_word' id='word_1_273' title='bbox 484 3558 541 3613; x_wconf 90' lang='lat' dir='ltr'>aut</span> <span class='ocrx_word' id='word_1_274' title='bbox 554 3555 739 3629; x_wconf 90' lang='lat' dir='ltr'>appetitum</span> <span class='ocrx_word' id='word_1_275' title='bbox 754 3546 990 3630; x_wconf 86' lang='lat' dir='ltr'>cognoscendi,</span> <span class='ocrx_word' id='word_1_276' title='bbox 1012 3551 1111 3626; x_wconf 84' lang='lat' dir='ltr'>atque</span> <span class='ocrx_word' id='word_1_277' title='bbox 1125 3550 1157 3609; x_wconf 82' lang='lat'>2⁰</span> <span class='ocrx_word' id='word_1_278' title='bbox 1178 3550 1224 3610; x_wconf 92' lang='lat' dir='ltr'>in·</span> 
     </span>
     <span class='ocr_line' id='line_1_42' title="bbox 216 3627 1223 3711; baseline -0.001 -20"><span class='ocrx_word' id='word_1_279' title='bbox 216 3631 306 3694; x_wconf 90' lang='lat' dir='ltr'>ducit</span> <span class='ocrx_word' id='word_1_280' title='bbox 316 3632 539 3711; x_wconf 89' lang='lat' dir='ltr'>cognitionem</span> <span class='ocrx_word' id='word_1_281' title='bbox 558 3632 609 3694; x_wconf 89' lang='lat' dir='ltr'>rei</span> <span class='ocrx_word' id='word_1_282' title='bbox 628 3629 814 3694; x_wconf 91' lang='lat' dir='ltr'>secundum</span> <span class='ocrx_word' id='word_1_283' title='bbox 832 3627 923 3709; x_wconf 88' lang='lat' dir='ltr'>quod</span> <span class='ocrx_word' id='word_1_284' title='bbox 936 3627 991 3690; x_wconf 88' lang='lat' dir='ltr'>illa</span> <span class='ocrx_word' id='word_1_285' title='bbox 1003 3644 1057 3689; x_wconf 87' lang='lat' dir='ltr'>res</span> <span class='ocrx_word' id='word_1_286' title='bbox 1070 3632 1120 3690; x_wconf 91' lang='lat' dir='ltr'>est</span> <span class='ocrx_word' id='word_1_287' title='bbox 1132 3628 1223 3702; x_wconf 88' lang='lat' dir='ltr'>inse;</span> 
     </span>
    </p>
   </div>
   <div class='ocr_carea' id='block_1_6' title="bbox 0 0 1330 4242">
    <p class='ocr_par' dir='ltr' id='par_1_12' title="bbox 0 0 1330 4242">
     <span class='ocr_line' id='line_1_43' title="bbox 0 0 1330 4242; baseline 0 2"><span class='ocrx_word' id='word_1_288' title='bbox 0 0 1330 4242; x_wconf 95' lang='lat' dir='ltr'> </span> 
     </span>
    </p>
   </div>
  </div>
 </body>
</html>
