2650 4242
229 230 285 293 154
530 247 709 305 enarramus
729 247 935 292 ruinosomnra

266 359 454 421 Generatim
464 375 545 438 ergo
556 360 624 420 haec
637 359 825 421 substitutio
842 358 878 420 fit
889 375 930 420 ex
941 355 1076 420 defectu
1088 358 1236 420 attentio-

226 440 320 502 nisae
326 440 525 514 reflexioniS,
535 440 604 501 sive
615 441 658 500 ob
670 439 846 518 ignaviam,
859 440 927 501 sive
938 439 979 499 ob
991 438 1236 516 impatientiam,

225 521 269 582 ita
294 523 341 590 ut,
366 521 521 599 neglecto
546 521 659 581 labore
676 519 890 596 expendendi
905 519 1076 599 objectum
1099 535 1238 598 cognos-

226 600 381 672 cendum,
399 605 523 660 temere
540 605 573 660 et
587 599 770 660 inconsulto
787 600 940 660 sententia
952 599 1163 674 proferatur.

267 680 302 740 ll.
321 680 436 754 Quoad
449 696 564 740 causas
575 681 742 756 proximas
757 680 875 740 erroris
890 695 959 757 quae
971 676 1197 740 refunduntur
1208 683 1238 742 in

228 761 400 820 motionem
413 761 598 832 ablactatis,
615 763 796 836 sequentes
811 762 888 820 sunt
902 762 1018 820 notatu
1030 758 1139 837 dignae
1157 779 1164 819 :

269 843 299 900 1ο
321 839 499 912 Affectuunt
522 841 705 900 dominatus
720 855 785 917 quo
800 855 896 901 mens
910 838 1031 899 relictis
1045 839 1085 899 iis
1104 855 1177 916 quae
1191 839 1236 901 in·

227 917 393 980 clinationi
405 917 596 982 inordinatae
610 935 679 980 non
691 919 814 994 favent,
832 935 868 980 se
884 919 1044 980 convertit
1058 917 1102 980 ad
1119 935 1161 980 ea
1172 935 1238 996 que

226 998 277 1058 his
293 999 471 1064 ,affectibus
498 1003 682 1060 consonant
708 1019 714 1058 :
743 1000 818 1061 hinc
842 1015 939 1060 causa
954 999 1161 1060 assentiendi
1176 1015 1239 1060 nou

227 1083 278 1139 est
293 1079 467 1152 evidentia,
484 1077 546 1138 sed
560 1079 630 1154 ipsa
647 1079 818 1155 cupiditas.
834 1078 884 1140 Ad
898 1081 982 1140 hanc
993 1095 1127 1140 causam
1140 1094 1238 1158 gene·

227 1159 331 1219 ralem
361 1161 528 1236 pertinent
556 1158 614 1233 ira,
646 1159 778 1234 invidia,
806 1159 919 1220 odium
951 1163 1007 1220 aut
1034 1158 1239 1220 inordinatus

226 1254 328 1311 amor,
346 1240 465 1316 quibus
479 1237 577 1298 unice
586 1239 757 1317 Judicatur
772 1240 813 1301 de
833 1239 962 1318 objecto
986 1241 1171 1315 proposito,
1187 1254 1238 1299 se-

226 1319 372 1380 cundum
400 1317 551 1380 benevoli
577 1319 631 1380 vel
651 1319 816 1398 ,malevoli
844 1319 940 1379 animi
968 1318 1237 1394 propensionem,

226 1397 438 1459 commodum
452 1403 507 1459 aut
521 1399 664 1473 partium
679 1399 837 1472 studium,
855 1399 944 1477 quod
960 1415 1000 1460 ex
1014 1404 1113 1459 antea
1124 1413 1238 1458 recen·

224 1477 294 1539 sitis
306 1479 468 1538 enascitur
478 1474 532 1557 (l).

264 1559 297 1618 2⁰
320 1560 476 1619 Noottota's
498 1572 595 1617 aanor
613 1565 668 1620 ont
682 1560 923 1621 contradicendi
935 1561 1074 1635 prartpo
1090 1556 1133 1619 ob
1148 1559 1237 1619 vani·

225 1641 327 1698 tatem
341 1641 397 1698 aut
413 1639 547 1698 nimiam
560 1639 699 1714 proprie
714 1639 956 1718 perspicuitatis
971 1637 1136 1699 fiduciam.

263 1718 295 1778 3⁰
311 1718 376 1779 Sed
392 1732 501 1778 causae
517 1716 663 1778 omnium
678 1720 826 1794 pessimae
840 1721 1074 1794 suntaotuptcs
1087 1722 1235 1792 etsupcr·

225 1795 281 1855 bio
295 1816 305 1854 .·
325 1798 479 1874 Voluptas
504 1812 586 1872 quae,
611 1801 648 1857 ut
671 1799 717 1859 ait
740 1799 862 1868 Cicero,
886 1814 978 1858 omae
1003 1799 1113 1858 tumen
1137 1796 1238 1856 animi

223 1879 438 1952 eatinpueret,
454 1875 633 1952 presertim
647 1880 675 1939 si
691 1879 747 1940 diu
767 1883 800 1939 et
813 1882 938 1941 intente
957 1879 990 1938 in
1005 1878 1152 1954 aliquem
1179 1874 1233 1935 do-

224 1956 347 2016 minata
371 1955 499 2018 luisset.
526 1952 618 2014 ldem
641 1957 851 2019 sentiendum
872 1962 922 2018 est
937 1958 979 2019 de
994 1956 1153 2035 superbia
1168 1972 1235 2033 qua

225 2033 421 2098 deordinato
451 2037 500 2097 sui
534 2051 646 2096 amore
682 2042 847 2110 constans
876 2039 1036 2117 extinguit
1063 2034 1234 2112 inprimis

224 2130 323 2176 omne
338 2118 450 2176 lumen
465 2117 726 2193 supernaturale,
745 2123 777 2180 et
792 2123 948 2196 preterea
969 2119 1113 2179 obcaeoat
1139 2116 1235 2176 etiam

223 2194 336 2255 lumen
351 2198 499 2257 naturale
515 2192 570 2274 (2).

264 2275 335 2336 254.
360 2310 400 2320 -
425 2279 498 2336 lstae
523 2291 639 2341 omnes
660 2292 776 2350 causae,
794 2294 864 2356 quae
879 2277 1077 2353 primitivam
1090 2274 1234 2336 radicem

223 2353 348 2416 habent
360 2359 395 2418 in
408 2358 590 2430 voluntate,
605 2357 809 2418 intellectum
824 2358 1019 2432 perturbant
1035 2360 1068 2416 et
1080 2355 1169 2417 illius
1185 2369 1233 2415 as·

223 2449 360 2496 sensum
390 2444 589 2513 extorquent
613 2440 793 2514 antequam
827 2436 991 2497 evidentia
1019 2435 1167 2496 veritatis
1193 2433 1234 2494 illi

224 2513 382 2595 affulgeat
398 2537 404 2576 :
421 2517 573 2580 voluntas
590 2532 669 2594 ergo
686 2519 899 2577 serenitatem
919 2516 1038 2576 mentis
1054 2515 1233 2584 obnubilat,

223 2593 427 2656 intellectum
442 2598 585 2674 applicat
601 2596 798 2675 quibusdam
817 2597 887 2658 veri
901 2596 1113 2674 apparentiis,
1134 2599 1168 2658 et
1191 2593 1233 2654 sic

223 2673 315 2734 illum
329 2675 425 2736 trabit
436 2675 479 2736 ad
489 2676 620 2739 falsum.

262 2754 421 2816 Remedia
434 2757 582 2818 omnium
597 2771 746 2818 errorum
760 2754 923 2817 indicatur
942 2755 1096 2834 sequenti
1112 2754 1209 2818 effato
1226 2773 1231 2813 :

223 2834 353 2896 sublato
364 2853 476 2909 causa,
494 2837 620 2899 tollitur
635 2835 773 2908 effectus.

522 2978 524 2983 ·
594 2960 858 3025 ARTlCULUSll.

533 3089 580 3147 De
595 3088 703 3148 coasts
716 3087 919 3162 ipocrcntt'ae.

262 3206 332 3267 255.
349 3239 388 3250 -—
401 3208 490 3269 Licet
505 3225 596 3271 error
609 3211 755 3290 aliquam
769 3226 902 3288 semper
915 3209 1059 3271 involvat
1079 3207 1230 3287 ignoran-

145 3344 148 3352 ,
224 3285 313 3358 tiam,
331 3289 482 3349 cumbae
497 3292 609 3352 tamen
623 3306 691 3352 non
705 3293 817 3366 potest
832 3287 987 3352 confundi
1012 3308 1018 3349 :
1037 3305 1128 3350 error
1152 3288 1233 3350 enim

221 3364 375 3442 importat
389 3383 562 3429 assensum
582 3369 669 3432 falsae
692 3370 919 3448 propositioni,
950 3369 1029 3444 dum
1052 3369 1231 3448 ignorantia

222 3446 347 3507 nullum
363 3447 500 3508 includit
514 3464 687 3512 assensum
702 3455 759 3511 aut
774 3450 961 3512 dissensum
980 3449 1112 3510 mentis.

252 3557 286 3621 (l)
300 3557 365 3609 Vide
379 3559 407 3608 S.
421 3559 513 3609 Thom.
526 3559 552 3608 1·
562 3560 594 3608 22
609 3576 635 3625 q.
649 3560 681 3610 88
694 3575 718 3610 a.
733 3559 757 3610 3.

250 3644 287 3709 (2)
299 3643 326 3694 S.
340 3645 432 3697 Tuom.
446 3647 474 3696 2·
482 3646 515 3697 2!
527 3661 553 3712 q.
568 3646 608 3698 15.
622 3663 647 3698 a.
659 3646 684 3698 3.
