2650 4242
189 236 247 300 198
492 256 673 302 annvrxarmr
694 254 898 298 rrrnosornna

95 384 98 390 ’
188 368 324 440 etenim,
341 373 378 429 ut
392 369 492 430 modo
512 369 665 441 diximus,
684 370 887 445 experientia
900 370 971 447 ipsa
986 370 1055 431 sive
1077 370 1212 431 interna

187 451 257 509 sivo
271 453 407 509 externa
423 450 510 509 clare
526 448 941 512 manifestatsubstantiam
952 467 1019 511 non
1031 466 1107 511 esse
1119 448 1213 511 idem

187 544 227 589 ac
253 528 418 590 accidens.
444 531 529 607 Ergo
553 530 620 591 haec
644 530 831 591 substantie
854 532 944 591 notio
969 546 1039 607 quae
1067 546 1110 591 ex
1131 530 1214 606 ipsis

187 622 300 669 rerum
315 610 439 669 naturis
454 607 670 687 depromitur,
688 614 787 687 atque
803 612 922 685 sponte
938 613 1069 688 exurgit
1081 626 1124 670 ex
1139 610 1214 685 ipsa

189 690 406 763 experientia,
423 690 539 765 nequit
554 689 617 751 dici
633 685 801 750 arbitraria
816 694 850 750 et
864 688 1060 767 figmentum
1075 688 1212 751 mentis

229 767 301 830 aaa:
329 802 369 811 —
397 769 575 828 Sotiatium.
606 768 844 846 Cognoscimus
880 768 1015 846 quidem
1050 771 1136 847 quid
1171 772 1215 829 sit

158 866 165 891 ⁴
188 848 372 908 substantia
395 848 576 909 universim
602 852 733 924 sumpta
757 854 790 909 et
814 864 875 924 per
899 846 1148 928 oppositionem
1169 847 1214 909 ad

188 925 362 996 accidens;
381 932 610 988 verumtamen
633 943 860 1004 saepenumero
884 943 951 991 non
973 930 1213 1008 cognoscimus

189 1004 456 1084 qutdt'utrt'osecc
470 1010 648 1069 constituat
672 1006 906 1069 determinatas
930 1009 1146 1070 substantias.
1169 1010 1212 1069 At

188 1084 358 1162 quomodo
390 1102 631 1165 cognoscamus
657 1085 875 1148 intrinsecum
902 1087 983 1149 illud
1019 1088 1212 1150 constituti-

188 1180 266 1227 vum
282 1165 490 1228 substantia?
775 1176 776 1181 ’

228 1245 352 1305 Sensus
366 1247 554 1322 percipiunt
578 1250 733 1306 externas
754 1244 958 1320 affectiones
975 1262 1043 1307 non
1059 1248 1209 1308 abstrac-

201 1339 250 1395 as,
267 1323 517 1396 sadracarum,
534 1325 625 1387 unde
641 1324 750 1401 aliquo
764 1324 862 1386 modo
873 1325 1091 1386 substantiam
1102 1326 1213 1403 ipsam

188 1404 356 1481 attingunt
385 1424 392 1463 ε
424 1406 490 1464 ista
520 1405 609 1465 enim
638 1404 831 1465 affectiones
854 1406 1084 1483 percipiuntur
1109 1410 1212 1482 prout
1252 1458 1255 1465 .

103 1546 108 1563 ,
187 1486 266 1543 sunt
289 1486 324 1543 in
350 1500 397 1552 rc,
428 1490 462 1545 et
485 1487 603 1545 cxa'ndc
632 1483 820 1544 intellectus
844 1500 911 1544 non
925 1485 1082 1565 intelligit
1101 1488 1211 1553 primo

187 1562 432 1623 affectionema
457 1563 642 1624 substantia
666 1564 874 1635 abstractam,
901 1563 962 1624 sed
983 1582 1046 1640 per
1072 1566 1211 1625 modum

187 1644 286 1701 auius
300 1641 456 1704 accidens
471 1658 504 1703 m
519 1644 683 1722 subjecto.
710 1644 866 1705 Notiones
880 1640 1035 1705 formales
1051 1646 1209 1706 substan·

188 1723 238 1782 tiae
264 1724 297 1779 et
322 1719 502 1783 accidentis
528 1722 774 1800 comparatione
808 1726 842 1782 et
866 1721 1067 1785 deductione
1092 1727 1212 1801 postea

187 1799 413 1877 acquiruntur.

81 1898 85 1901 ·
187 1881 259 1941 343.
275 1914 314 1923 -
329 1883 375 1941 Dc
388 1882 542 1942 divisione
555 1882 749 1943 substautr'ae.

157 1968 161 1975 ·
228 1960 417 2021 Substantia
432 1961 473 2021 ab
488 1962 661 2038 Aristotele
679 1959 832 2023 dividitur
850 1979 856 2019 :

228 2040 458 2116 imprimam
483 2044 516 2099 et
540 2040 733 2114 secundam,
760 2040 792 2100 id
818 2046 879 2113 est,
905 2044 938 2104 in
953 2040 1156 2119 singularem
1178 2044 1212 2099 et

188 2134 409 2179 communem.
427 2120 616 2181 Substantia
626 2122 740 2195 primo
750 2137 811 2182 seu
825 2120 1000 2197 singularis
1016 2137 1054 2180 ea
1071 2124 1125 2180 est
1138 2136 1211 2196 quae

186 2198 736 2275 (100111110οι00110000000101101,
753 2218 855 2277 oeque
876 2204 911 2261 to
930 2201 1071 2278 subjectu
1095 2199 1210 2275 aliquo

186 2282 242 2337 est.
266 2278 454 2339 Substantia
470 2282 609 2340 secunda
624 2294 686 2339 seu
702 2281 885 2340 communis
902 2297 941 2340 ea
961 2282 1011 2341 est
1035 2295 1106 2355 quas
1131 2279 1211 2339 licet

186 2359 350 2418 consitio
364 2360 517 2434 subjecto,
534 2359 656 2418 dicitur
669 2366 776 2419 tumeo
800 2362 839 2419 de
862 2360 1016 2433 sctbjecto.
1032 2359 1089 2419 Ex.
1106 2360 1210 2418 Homo

187 2437 436 2497 est'substantia
451 2436 617 2506 secunda:
633 2438 686 2498 hic
701 2440 810 2511 homo,
826 2455 888 2499 seu
904 2443 1026 2509 Petrus,
1045 2441 1095 2499 est
1110 2438 1207 2499 subs-

187 2518 289 2577 tantia
305 2519 408 2592 prima
424 2515 497 2595 (46).
968 2542 972 2549 ’

228 2596 306 2656 Hinc
331 2596 487 2658 differunt
518 2597 547 2654 l⁰
576 2596 652 2672 quia
681 2596 786 2671 prima
816 2601 867 2657 est
890 2594 1208 2657 incommunicabilis

185 2675 335 2752 pluribus
351 2674 433 2755 (314)
451 2696 458 2736 ;
477 2676 590 2735 Petrus
605 2691 673 2736 non
699 2673 818 2735 dicitur
834 2674 875 2735 de
892 2676 1002 2748 Paule,
1019 2676 1205 2747 loanne...;

185 2755 347 2826 secunda,
376 2772 443 2817 non
471 2755 540 2814 ita:
570 2755 670 2815 bomo
700 2753 819 2814 dicitur
854 2755 896 2816 de
923 2754 1036 2827 Paulo,
1064 2756 1204 2815 loanne.

185 2834 218 2893 2⁰
238 2835 291 2894 llla
313 2851 381 2895 non
405 2834 601 2914 praedicatur
623 2833 664 2894 de
686 2835 788 2894 altera
808 2835 990 2895 substantia
1013 2853 1020 2893 :
1041 2833 1108 2893 haec
1129 2848 1206 2894 vero

184 2914 246 2974 sic.
263 2916 295 2975 3⁰
310 2914 357 2975 llli
371 2920 497 2975 tantum
510 2913 668 2990 competit
678 2916 783 2987 primo
795 2914 945 2974 substare
958 2913 1203 2984 accidentibus;

145 3018 148 3022 ·
184 2992 261 3052 huic
286 3010 377 3061 uero,
402 2992 595 3055 secundario
623 2998 655 3053 et
680 2993 807 3053 ratione
833 2994 942 3069 primae
957 2992 1020 3053 'cui
1040 2994 1203 3061 inexistit;

185 3070 284 3132 bomo
301 3078 351 3134 est
365 3073 471 3145 albus,
488 3075 565 3150 quia
582 3072 695 3133 Petrus
710 3073 763 3132 vel
778 3072 935 3134 Paulus...
953 3076 1004 3133 est
1019 3072 1125 3133 albus

197 3175 201 3180 ·
227 3153 263 3211 ll.
280 3152 469 3213 Substantia
494 3150 649 3213 dividitur
672 3152 705 3211 in
730 3153 913 3227 simplicem
928 3159 962 3213 et
977 3152 1203 3225 compositam.

185 3230 290 3295 Datur
302 3232 454 3307 simplex,
472 3233 498 3292 si
514 3232 662 3308 partibus
678 3232 822 3310 physicis
847 3248 914 3292 non
938 3231 1205 3307 constat-ireque
1297 3248 1298 3253 ¹

184 3312 219 3371 in
234 3315 346 3386 partes
364 3312 515 3389 physicas
530 3312 648 3371 resolvi
675 3314 800 3387 potest:
828 3326 924 3373 secus
940 3310 1002 3370 erit
1016 3314 1202 3385 coraposito.

184 3390 331 3466 Simplex
347 3396 456 3466 potest
473 3406 546 3451 esse
562 3391 746 3452 materiatis
772 3391 825 3451 vel
848 3389 1091 3457 immaterialis,
1107 3393 1145 3448 ut
1157 3392 1203 3450 vl-

186 3467 341 3544 debimus
355 3471 388 3531 in
413 3470 633 3548 Cosmologia,
660 3470 794 3546 quando
820 3486 927 3531 sermo
950 3469 1010 3529 erit
1031 3466 1204 3529 deformis

183 3547 448 3611 informantibus.
497 3614 502 3618 ⁴

199 3636 203 3641 ’
225 3631 276 3689 111.
294 3629 399 3691 Dividi
412 3632 523 3706 potest
536 3627 802 3690 substantiasive
819 3629 962 3706 simplex
977 3625 1045 3688 sive
1068 3641 1204 3703 compo-
