2650 4242
189 237 229 302 50
498 250 679 296 carvanium
698 247 902 297 PHtLOSOPHlAE

189 372 339 434 valenter
354 367 488 446 duplas,
505 384 567 428 seu
580 381 634 427 res
651 364 796 426 diversas
817 365 1002 445 significare
1025 372 1152 444 posset,
1169 379 1207 430 aa

189 449 328 531 proinde
346 449 544 525 comparatio
561 463 628 507 non
641 443 737 505 lieret
752 461 825 505 cum
841 462 908 508 uno
929 445 1115 526 eodemque
1141 452 1208 508 ter-

189 533 289 592 mino.
307 530 373 590 Hoc
388 526 487 590 modo
503 531 621 604 peccat
636 540 782 602 sequens
797 527 1009 605 syllogismus
1026 545 1034 586 ε

309 609 434 684 Aliquis
447 608 542 667 haara
560 610 671 667 cantat

307 689 406 765 Atqui
421 689 542 762 aliqu-ts
556 688 655 765 homo,
665 687 815 745 mortuus
831 690 896 752 est:

164 811 166 813 .
309 768 394 846 Ergo
409 767 527 844 aliquis
541 767 691 826 mortuus
705 768 827 827 cantat.

228 849 269 907 V·
283 849 411 923 aequm
426 851 477 907 est
491 845 627 907 evidens
643 848 677 904 et
690 844 804 905 nititur
819 844 913 906 tertio
929 845 1088 921 principio
1104 861 1210 924 gene-

188 929 248 990 rali
263 930 415 1003 superius
430 927 533 988 relato
550 923 623 1004 (72).
641 923 707 984 Sed
722 939 813 1002 saepe
830 927 992 1004 contingit
1016 923 1106 1002 quod
1129 942 1210 1003 pro-

188 1007 306 1087 positio
330 1007 443 1084 specie
467 1021 606 1084 negans,
628 1020 747 1081 reapse
772 1005 814 1065 sit
838 1003 1004 1066 affirmans
1021 1025 1028 1065 :
1045 1023 1080 1070 v„
1092 1021 1126 1084 g.
1145 1005 1210 1080 Qui

187 1087 256 1150 noh
270 1087 392 1158 studet,
409 1102 477 1147 non
494 1086 555 1146 erit
570 1085 686 1145 doctus
704 1103 710 1144 :
728 1086 818 1162 atqui
842 1085 958 1146 Petrus
981 1099 1049 1147 non
1066 1083 1183 1146 studet
1200 1103 1206 1143 :

188 1169 316 1246 Ergo...
334 1165 514 1242 Propositio
528 1165 635 1224 minor
648 1180 768 1241 reapse
784 1167 834 1224 est
848 1163 1024 1226 affirmans.

228 1249 280 1308 Vll
295 1247 420 1322 Reputo
436 1251 486 1306 est
502 1245 602 1305 etiam
617 1242 871 1318 planeevidens
882 1249 916 1306 et
929 1245 1077 1306 innititur
1086 1242 1209 1320 princi·

187 1327 241 1406 pio
258 1345 264 1386 :
284 1325 364 1400 Quae
380 1329 457 1385 sunt
472 1323 591 1386 eadem
604 1325 662 1384 uni
677 1325 785 1396 tertio,
799 1330 876 1384 sunt
891 1323 1010 1387 eadem
1023 1325 1110 1385 inter
1121 1340 1173 1384 se.

226 1409 292 1468 Vlla
308 1407 434 1482 Reaata
461 1402 623 1482 significat
649 1403 896 1465 conclusionem
911 1405 1107 1481 participem
1131 1420 1208 1466 esse

80 1541 84 1550 .
187 1487 334 1550 omnium
349 1484 541 1546 defectuum
555 1484 812 1560 praemissarum.
829 1483 907 1544 Pars
919 1485 1015 1563 pejor
1028 1487 1167 1546 vocatur
1191 1499 1211 1543 a

186 1568 314 1645 Logicis
330 1565 463 1644 negatio
480 1567 636 1640 respectu
656 1560 892 1636 affirmationis,
910 1569 944 1624 et
967 1563 1209 1642 particularitas

184 1650 342 1723 respectu
366 1643 630 1712 uniuersalitatis
656 1644 727 1705 Duo
753 1643 865 1720 itaque
891 1643 1144 1706 considerantur
1172 1645 1209 1704 in

184 1727 246 1788 hac
262 1725 390 1805 regula,
408 1724 548 1801 qualitas
565 1728 597 1783 et
613 1724 780 1800 quantitas
795 1724 1070 1800 propositionum.

229 1809 258 1866 l⁰
275 1807 388 1878 Quoad
401 1803 598 1880 qualitatem,
615 1803 640 1862 si
656 1818 721 1863 una
745 1804 918 1880 praemissa
940 1807 1054 1882 negat,
1072 1803 1208 1864 conclu·

186 1887 234 1947 sio
251 1889 311 1947 erit
324 1898 468 1962 negans3
484 1898 562 1944 nam
576 1883 754 1958 propositio
780 1896 908 1962 negans
934 1882 1077 1944 declarat
1100 1897 1208 1943 unum

186 1969 373 2028 extremum
390 1979 464 2024 cum
478 1960 589 2024 medio
604 1978 672 2023 non
684 1964 872 2033 convenire,
890 1961 970 2023 dum
991 1963 1093 2024 altera
1114 1977 1208 2039 prae-

184 2045 284 2106 missa
299 2041 464 2105 affirmans
480 2041 625 2102 declarat
640 2042 781 2102 alterum
796 2047 982 2103 extremum
998 2059 1073 2105 cum
1092 2041 1207 2104 medio

186 2125 377 2196 convenire3
396 2138 489 2198 ergo,
502 2123 597 2201 juxta
611 2122 808 2198 principium
832 2123 1075 2201 repugnantiae,
1092 2127 1208 2184 extre-

183 2221 238 2266 ma
250 2205 337 2265 inter
350 2218 387 2262 se
403 2205 471 2263 noh
487 2203 697 2275 conveniunt,
714 2217 775 2262 seu
790 2203 956 2264 conclusio
973 2205 1023 2264 est
1040 2219 1183 2280 negans.

125 2291 128 2298 ’
224 2285 256 2344 2⁰
273 2286 386 2354 Quoad
399 2283 611 2358 quantitatem
626 2281 858 2355 conclusionis
875 2284 910 2343 in
925 2281 1001 2344 data
1014 2282 1205 2362 hypothesi,

183 2367 250 2424 tres
266 2377 361 2423 casus
375 2360 455 2440 fingi
470 2365 624 2438 possunt:
651 2364 708 2421 aut
731 2362 976 2439 propositiones.
997 2368 1074 2424 sunt
1093 2361 1204 2425 ambae

184 2441 471 2514 affirmantes,'aut
486 2442 641 2502 alterutra
657 2445 708 2500 est
726 2457 865 2520 negans,
883 2445 941 2502 aut
961 2445 1102 2520 utraque
1129 2447 1206 2504 tan-

186 2521 263 2584 dem
279 2527 330 2584 est
344 2535 483 2600 negans.
500 2521 556 2580 Hic
569 2521 705 2580 ultimus
730 2537 826 2582 casus
850 2519 1039 2598 exploditur
1061 2538 1123 2600 per
1142 2522 1204 2582 V·m

184 2602 349 2681 regulam3
366 2602 443 2662 hinc
458 2601 533 2662 duae
548 2600 754 2680 hypotheses
768 2604 847 2661 sunt
864 2601 1127 2664 considerandae.

224 2682 256 2760 a)
272 2715 310 2724 -
325 2685 463 2756 Utraque
473 2681 656 2756 affirmans.
669 2682 760 2742 Tunc
769 2696 873 2742 unum
885 2681 1113 2746 tantummodo
1126 2695 1204 2742 aon-

155 2826 158 2834 (
185 2765 292 2824 tinent
302 2761 477 2822 terminum
491 2761 724 2831 universalem,
741 2761 932 2840 subjectum
946 2762 1203 2839 scilicetpropo·

184 2841 309 2902 sitionis
324 2840 516 2902 universalis
532 2838 609 2918 (duo
626 2840 780 2902 attributa
795 2846 873 2901 sunt
887 2841 1108 2919 particularia,
1124 2841 1203 2919 quia

182 2923 351 2998 pertinent
365 2920 408 2981 ad
422 2921 663 2997 propositiones
680 2921 897 2996 affirmantem
911 2923 1053 2983 alterum
1066 2921 1201 3001 sth'ec·

183 3004 254 3063 tum
269 3004 320 3061 est
334 2999 543 3077 particulare,
559 3017 647 3073 nam,
659 2999 755 3078 juxta
769 3001 993 3080 hypothesim,
1005 3018 1072 3063 una
1081 3017 1203 3079 propo·

182 3081 255 3144 sitio
272 3084 323 3140 est
336 3079 564 3158 particularis).
581 3080 676 3158 Atqui
692 3081 747 3141 ille
761 3081 879 3142 unicus
895 3085 1054 3144 terminus
1067 3084 1200 3143 univer·

182 3161 259 3222 salis
273 3176 333 3237 pro
348 3161 453 3221 media
468 3160 588 3224 assumi
607 3160 719 3231 dehet,
730 3160 825 3239 juxta
839 3163 991 3240 regulam
1016 3163 1098 3224 ivm.
1114 3162 1200 3241 Ergo

183 3239 248 3304 duo
270 3244 417 3300 extrema
440 3245 516 3300 sunt
538 3239 760 3318 particularia,
785 3258 823 3302 aa
847 3242 987 3318 proinde
1012 3241 1202 3320 subjectum

183 3319 415 3460 concluslionis,
437 3320 528 3397 quod
553 3320 609 3381 dat
633 3323 853 3398 quantitatem
877 3321 1123 3401 propositionis
1150 3323 1201 3384 est

207 3400 310 3462 articu
323 3415 391 3460 are.

182 3417 203 3479 p
223 3475 254 3558 b)
269 3513 307 3523 -
321 3480 485 3542 alterutra
498 3495 629 3555 nepam.
646 3481 718 3540 Duo
735 3486 811 3543 sunt
825 3483 955 3544 termini
969 3481 1173 3543 universales
1190 3499 1198 3542 τ

182 3558 372 3638 subjectum
386 3559 618 3638 propositionis
629 3559 823 3622 universalis
834 3565 865 3621 ei
877 3562 1069 3623 attributum
1080 3577 1200 3639 propo-

182 3640 308 3702 sitionis
321 3642 489 3720 negantis.
503 3640 603 3718 Atqui
616 3653 703 3701 unus
717 3644 756 3702 ut
768 3640 900 3703 medius
919 3643 1078 3704 terminus
1100 3639 1198 3720 poni·
1311 3644 1313 3731 ξ
