2650 4242
228 228 286 291 188
524 247 702 294 annvrnmuu
721 245 923 292 annosorum

221 357 282 422 sed
294 359 492 433 formaliter,
506 359 687 434 conceptus
701 328 856 420 bonitatis
881 357 1094 436 distinguitur
1116 373 1137 419 a
1154 372 1234 420 con-

221 443 320 516 ceptu
335 441 430 530 entis,
445 442 609 529 quatenus
622 438 699 498 huic
714 436 806 500 addit
819 441 980 500 rationem
996 437 1236 500 convenientia

220 515 592 669 vehggirtfgscggtnnsomen
606 597 805 660 abstractum
830 599 882 659 cui
905 595 1088 674 respondet
1109 610 1237 657 nomen

220 681 412 741 concretum
447 676 572 749 donum,
610 677 700 754 quod
736 679 834 740 etiam
869 681 904 739 et
936 676 1080 748 brevius,
1104 672 1238 736 definiri

221 759 405 915 gssthgtdnrln
431 757 517 834 qood
538 758 648 818 omnio
662 763 824 834 oppetunt.
841 759 968 822 Bonum
992 761 1042 818 εει
1065 754 1238 832 appetitus

178 980 181 987 ,
262 917 331 980 318.
348 950 387 962 -·
400 916 527 978 Bonum
553 914 652 976 dividi
681 916 789 978 solet:
807 917 829 978 Ι.
856 919 891 978 ln
913 917 1039 978 bonum
1061 927 1183 978 verum
1204 917 1238 974 ει

221 997 347 1058 honum
361 1010 534 1071 apparens.
557 998 672 1056 Verum
687 995 802 1058 dieitur
823 997 948 1058 bonnm
972 995 1062 1074 quod
1087 995 1156 1055 tale
1186 999 1238 1053 est

223 1076 321 1154 quale
335 1073 551 1147 existimatum
575 1091 825 1150 opporoosvero
855 1076 945 1156 quod
974 1081 1023 1138 εει
1050 1080 1181 1136 tantum
1201 1072 1238 1134 in

224 1155 475 1226 existimatione,
490 1170 558 1216 non
573 1161 683 1215 autern
699 1155 792 1216 inre.

263 1237 300 1297 ll.
316 1233 476 1297 Dividitur
493 1234 526 1296 in
541 1232 622 1295 illud
637 1233 728 1311 quod
742 1238 818 1296 inse
828 1236 952 1298 bonum
964 1237 1025 1306 εει,
1036 1232 1237 1296 seubonurn

224 1313 422 1387 absolutum,
452 1313 543 1376 etin
571 1313 652 1375 illud
680 1315 770 1391 quod
800 1319 850 1376 est
877 1315 975 1378 oltert
998 1314 1137 1387 bonum,
1177 1327 1240 1373 seu

216 1396 349 1459 ‘bonum
362 1396 583 1469 respectivum
599 1399 655 1454 aut
668 1395 850 1456 relativum.

263 1475 391 1537 Bonum
405 1472 587 1534 absolutum
610 1472 690 1535 illud
715 1473 872 1553 estquod
891 1489 953 1550 per
974 1490 1006 1536 se
1031 1471 1173 1552 dignum
1189 1475 1242 1531 est

175 1567 177 1571 ’
223 1566 350 1616 amore.
365 1555 402 1613 V.
418 1567 453 1631 g.
467 1553 578 1614 Bonus
591 1553 693 1615 Deus,
708 1554 835 1615 Bonum
845 1554 1019 1615 relativum
1045 1555 1097 1614 est
1109 1553 1242 1614 bonum

107 1681 111 1687 .
224 1637 382 1711 respectu
394 1633 529 1693 alterius
544 1637 682 1694 tantum.

185 1750 187 1753 -
264 1713 395 1776 Bonitas
409 1711 559 1773 absoluta
573 1716 625 1775 εει
638 1712 709 1789 ipsa
732 1709 890 1788 perfectio
917 1713 1001 1774 entis
1023 1709 1057 1773 in
1077 1727 1125 1784 εε,
1143 1708 1240 1772 unde

225 1809 288 1871 per
299 1807 336 1852 se
350 1791 514 1870 appetitur
528 1811 536 1852 ε
552 1791 681 1853 bonitas
690 1793 874 1869 respectiva
883 1792 1030 1853 nominat
1044 1792 1242 1869 respectum

227 1871 460 1934 convenientia
475 1872 558 1934 entis
574 1887 649 1932 cum
662 1871 771 1950 alique
784 1888 821 1934 re
838 1891 846 1932 :
861 1871 937 1933 hinc
951 1887 1018 1934 non
1033 1875 1173 1950 propter
1187 1883 1239 1942 se,

229 1950 291 2014 sed
304 1955 440 2030 propter
452 1949 552 2013 finem
566 1951 740 2028 appetitur.
757 1953 792 2012 V.
809 1969 842 2031 g.
860 1951 994 2012 sanitas.

265 2033 302 2093 ln
314 2032 378 2093 hoc
391 2045 503 2104 sensu,
519 2030 645 2092 bonum
656 2031 828 2092 relativum
843 2030 933 2091 idem
949 2034 1037 2092 esset
1050 2047 1089 2092 ac
1106 2030 1240 2092 bonum

153 2158 158 2166 ,
225 2111 321 2182 utile;
336 2126 452 2172 verum
466 2113 563 2173 latius
577 2111 717 2172 sumitur
738 2111 867 2173 bonitas
881 2109 1029 2172 absoluta
1053 2115 1087 2172 et
1104 2111 1242 2173 bonitas

225 2190 372 2263 relativa,
388 2195 551 2270 quatenus
566 2191 671 2268 prima
699 2190 789 2252 idem
817 2195 868 2252 est
894 2206 932 2251 ac
959 2189 1090 2253 bonitas
1112 2188 1242 2255 funda-

225 2267 389 2337 mentalis,
422 2273 570 2334 etaltera
599 2275 807 2332 convertatur
822 2287 897 2331 cum
920 2269 1065 2332 bonitate
1094 2268 1240 2345 formali,

225 2347 420 2493 ffipwmde
434 2351 524 2414 idem
538 2349 579 2412 sit
603 2366 641 2412 ac
669 2348 897 2412 convenientia
921 2347 1132 2426 perfectionis
1164 2367 1243 2414 cum

270 2447 307 2492 ιε.

265 2512 315 2575 lll.
331 2514 491 2578 Dividitur
504 2509 538 2571 in
550 2509 740 2580 honestum,
756 2508 835 2570 utile
851 2511 884 2569 ει
898 2506 1102 2572 delectabile.

267 2593 299 2651 1⁰
315 2595 443 2656 Bonum
468 2591 637 2651 honestum
655 2587 737 2649 illud
766 2592 817 2649 εει
852 2587 942 2666 quod
977 2589 1044 2650 enti
1080 2593 1238 2670 congruit

224 2670 428 2747 reticuerat,
444 2685 511 2733 non
524 2669 651 2731 ratione
667 2667 893 2729 delectationis
909 2667 1054 2730 etsolius
1076 2671 1238 2734 utilitatis.

225 2751 303 2814 Late
337 2757 516 2830 sumptum,
551 2749 678 2809 bonum
713 2746 794 2808 illud
829 2750 880 2808 est
915 2746 1075 2826 quidquid
1108 2766 1171 2828 per
1199 2767 1240 2812 se

224 2832 376 2893 naturam
389 2835 475 2894 entis
490 2825 629 2907 perficit,
645 2832 679 2889 et
694 2826 811 2889 dicitur
836 2827 955 2888 donum
976 2832 1113 2890 notura.
1126 2879 1127 2882 ,
1138 2829 1238 2892 Pres-

225 2906 295 2970 sius
308 2919 487 2988 sumptum,
501 2912 551 2969 est
565 2905 598 2968 id
610 2905 699 2986 quod
709 2907 857 2970 rationali
866 2913 987 2968 naturae
998 2905 1242 2985 perlectionem

225 2988 288 3065 ipsi
302 2992 469 3068 propriam
488 2984 626 3061 confert,
642 2992 675 3048 et
690 2993 767 3047 tunc
780 2987 869 3049 idem
884 2990 935 3046 est
953 3001 992 3048 ac
1015 2988 1141 3050 bonum
1163 3006 1239 3052 mo-

225 3067 307 3130 rale.
323 3070 361 3131 V.
376 3088 410 3149 g.
426 3072 541 3134 virtus.
556 3067 612 3128 Est
627 3065 763 3143 aliquod
777 3068 903 3129 bonum
918 3067 1116 3131 absolutum.

262 3149 298 3228 2>
311 3150 438 3212 Bonum
460 3147 647 3212 detectobite
667 3146 747 3209 illud
773 3150 823 3208 est
847 3146 938 3224 quod
962 3147 1057 3208 alicui
1083 3149 1244 3212 convenit

225 3232 363 3305 propter
377 3228 632 3291 delectationem
660 3241 760 3304 quam
788 3225 850 3303 ipsi
875 3227 979 3300 affert,
1005 3227 1054 3288 uti
1080 3226 1243 3292 deambu-

221 3304 311 3368 latio.
328 3309 431 3371 Habet
444 3325 506 3388 per
528 3322 565 3367 se
588 3305 751 3367 rationem
774 3306 864 3378 boni,
892 3308 953 3368 etsi
976 3304 1127 3384 quaedam
1149 3309 1239 3371 bona

227 3384 434 3450 delectabilia
447 3387 583 3464 possint,
599 3391 636 3447 ut
650 3384 760 3447 media
776 3389 809 3448 et
820 3382 904 3446 fines
918 3383 1090 3455 inferiores
1117 3388 1238 3450 subor-

226 3463 331 3557 dinari
353 3467 514 3546 superiori
541 3463 610 3539 fini,
640 3468 673 3526 ει
701 3467 748 3527 sic
777 3467 828 3526 est
854 3464 987 3544 aliquod
1014 3466 1137 3555 bonum
1153 3469 1239 3532 rela-

229 3548 454 3688 nvgimfionum
480 3624 560 3686 mile
591 3621 673 3685 illud
702 3626 753 3686 est
781 3622 872 3704 quod
899 3624 965 3687 enti
989 3626 1155 3700 convenit,
1171 3642 1239 3688 non
