<?xml version="1.0" encoding="UTF-8"?>
<!DOCTYPE html PUBLIC "-//W3C//DTD XHTML 1.0 Transitional//EN"
    "http://www.w3.org/TR/xhtml1/DTD/xhtml1-transitional.dtd">
<html xmlns="http://www.w3.org/1999/xhtml" xml:lang="en" lang="en">
 <head>
  <title>
</title>
<meta http-equiv="Content-Type" content="text/html;charset=utf-8" />
  <meta name='ocr-system' content='tesseract 3.04.00' />
  <meta name='ocr-capabilities' content='ocr_page ocr_carea ocr_par ocr_line ocrx_word'/>
</head>
<body>
  <div class='ocr_page' id='page_1' title='image "./brevariumphilos01grangoog_0104.png"; bbox 0 0 2650 4242; ppageno 0'>
   <div class='ocr_carea' id='block_1_1' title="bbox 409 277 1857 343">
    <p class='ocr_par' dir='ltr' id='par_1_1' title="bbox 409 277 1857 343">
     <span class='ocr_line' id='line_1_1' title="bbox 409 277 1857 343; baseline 0.001 -5"><span class='ocrx_word' id='word_1_1' title='bbox 409 277 500 339; x_wconf 79' lang='lat'>86</span> <span class='ocrx_word' id='word_1_2' title='bbox 1052 297 1413 342; x_wconf 72' lang='lat' dir='ltr'>BnEwARmu</span> <span class='ocrx_word' id='word_1_3' title='bbox 1454 296 1857 343; x_wconf 76' lang='lat' dir='ltr'>PHILOSOPHIAE</span> 
     </span>
    </p>
   </div>
   <div class='ocr_carea' id='block_1_2' title="bbox 421 407 2454 884">
    <p class='ocr_par' dir='ltr' id='par_1_2' title="bbox 421 407 2454 884">
     <span class='ocr_line' id='line_1_2' title="bbox 422 407 2440 490; baseline 0 -20"><span class='ocrx_word' id='word_1_4' title='bbox 422 440 427 445; x_wconf 42' lang='lat'><strong>⁴</strong></span> <span class='ocrx_word' id='word_1_5' title='bbox 500 407 565 470; x_wconf 87' lang='lat'>6⁰</span> <span class='ocrx_word' id='word_1_6' title='bbox 598 409 1044 471; x_wconf 74' lang='lat' dir='ltr'><em>corollarium</em></span> <span class='ocrx_word' id='word_1_7' title='bbox 1074 426 1150 471; x_wconf 89' lang='lat' dir='ltr'>ea</span> <span class='ocrx_word' id='word_1_8' title='bbox 1182 415 1283 473; x_wconf 90' lang='lat' dir='ltr'>est</span> <span class='ocrx_word' id='word_1_9' title='bbox 1312 411 1670 489; x_wconf 82' lang='lat' dir='ltr'>propositio</span> <span class='ocrx_word' id='word_1_10' title='bbox 1703 428 1844 490; x_wconf 84' lang='lat' dir='ltr'>quae</span> <span class='ocrx_word' id='word_1_11' title='bbox 1876 413 1955 474; x_wconf 88' lang='lat' dir='ltr'>ab</span> <span class='ocrx_word' id='word_1_12' title='bbox 1990 412 2115 474; x_wconf 87' lang='lat' dir='ltr'>alia</span> <span class='ocrx_word' id='word_1_13' title='bbox 2144 411 2440 488; x_wconf 89' lang='lat' dir='ltr'>proposi-</span> 
     </span>
     <span class='ocr_line' id='line_1_3' title="bbox 421 487 2449 564; baseline 0.001 -16"><span class='ocrx_word' id='word_1_14' title='bbox 421 487 596 548; x_wconf 79' lang='lat' dir='ltr'>tione</span> <span class='ocrx_word' id='word_1_15' title='bbox 631 497 807 550; x_wconf 85' lang='lat' dir='ltr'>certa</span> <span class='ocrx_word' id='word_1_16' title='bbox 832 492 921 552; x_wconf 81' lang='lat' dir='ltr'>ita</span> <span class='ocrx_word' id='word_1_17' title='bbox 952 490 1265 564; x_wconf 80' lang='lat' dir='ltr'>dimanat,</span> <span class='ocrx_word' id='word_1_18' title='bbox 1297 497 1373 552; x_wconf 91' lang='lat' dir='ltr'>ut</span> <span class='ocrx_word' id='word_1_19' title='bbox 1394 492 1703 554; x_wconf 87' lang='lat' dir='ltr'>ulteriore</span> <span class='ocrx_word' id='word_1_20' title='bbox 1729 491 2297 554; x_wconf 74' lang='lat' dir='ltr'>demonstratione</span> <span class='ocrx_word' id='word_1_21' title='bbox 2320 506 2449 553; x_wconf 89' lang='lat' dir='ltr'>non</span> 
     </span>
     <span class='ocr_line' id='line_1_4' title="bbox 424 570 2447 730; baseline -0.001 -21"><span class='ocrx_word' id='word_1_22' title='bbox 424 570 965 723; x_wconf 35' lang='lat' dir='ltr'>ve&amp;⁰31thvaoethesz&#39;s</span> <span class='ocrx_word' id='word_1_23' title='bbox 995 654 1096 710; x_wconf 90' lang='lat' dir='ltr'>est</span> <span class='ocrx_word' id='word_1_24' title='bbox 1123 651 1485 728; x_wconf 82' lang='lat' dir='ltr'>propositio</span> <span class='ocrx_word' id='word_1_25' title='bbox 1529 650 1990 730; x_wconf 88' lang='lat' dir='ltr'>conjecturalis</span> <span class='ocrx_word' id='word_1_26' title='bbox 2023 667 2166 728; x_wconf 89' lang='lat' dir='ltr'>quae</span> <span class='ocrx_word' id='word_1_27' title='bbox 2203 653 2272 712; x_wconf 91' lang='lat' dir='ltr'>in</span> <span class='ocrx_word' id='word_1_28' title='bbox 2310 663 2447 707; x_wconf 90' lang='lat' dir='ltr'>me·</span> 
     </span>
     <span class='ocr_line' id='line_1_5' title="bbox 424 725 2454 809; baseline -0 -21"><span class='ocrx_word' id='word_1_29' title='bbox 424 725 606 788; x_wconf 90' lang='lat' dir='ltr'>dium</span> <span class='ocrx_word' id='word_1_30' title='bbox 635 725 1008 801; x_wconf 81' lang='lat' dir='ltr'>adhibetur,</span> <span class='ocrx_word' id='word_1_31' title='bbox 1043 730 1178 792; x_wconf 86' lang='lat' dir='ltr'>sive</span> <span class='ocrx_word' id='word_1_32' title='bbox 1209 735 1283 790; x_wconf 90' lang='lat' dir='ltr'>ut</span> <span class='ocrx_word' id='word_1_33' title='bbox 1314 731 1455 809; x_wconf 89' lang='lat' dir='ltr'>ejus</span> <span class='ocrx_word' id='word_1_34' title='bbox 1485 734 1727 793; x_wconf 87' lang='lat' dir='ltr'>veritas</span> <span class='ocrx_word' id='word_1_35' title='bbox 1756 735 1873 792; x_wconf 90' lang='lat' dir='ltr'>aut</span> <span class='ocrx_word' id='word_1_36' title='bbox 1892 731 2319 808; x_wconf 79' lang='lat' dir='ltr'>probabilitas</span> <span class='ocrx_word' id='word_1_37' title='bbox 2338 743 2454 804; x_wconf 89' lang='lat' dir='ltr'>per</span> 
     </span>
     <span class='ocr_line' id='line_1_6' title="bbox 423 805 2452 884; baseline 0 -16"><span class='ocrx_word' id='word_1_38' title='bbox 423 805 716 868; x_wconf 87' lang='lat' dir='ltr'>diversas</span> <span class='ocrx_word' id='word_1_39' title='bbox 747 809 1218 884; x_wconf 85' lang='lat' dir='ltr'>applicationes</span> <span class='ocrx_word' id='word_1_40' title='bbox 1249 811 1697 881; x_wconf 82' lang='lat' dir='ltr'>confirmetur,</span> <span class='ocrx_word' id='word_1_41' title='bbox 1732 812 1871 872; x_wconf 87' lang='lat' dir='ltr'>sive</span> <span class='ocrx_word' id='word_1_42' title='bbox 1900 815 1975 870; x_wconf 92' lang='lat' dir='ltr'>ut</span> <span class='ocrx_word' id='word_1_43' title='bbox 2004 812 2195 872; x_wconf 86' lang='lat' dir='ltr'>aliam</span> <span class='ocrx_word' id='word_1_44' title='bbox 2218 807 2452 869; x_wconf 89' lang='lat' dir='ltr'>collus-</span> 
     </span>
    </p>
   </div>
   <div class='ocr_carea' id='block_1_3' title="bbox 423 889 2557 969">
    <p class='ocr_par' dir='ltr' id='par_1_3' title="bbox 423 889 2557 969">
     <span class='ocr_line' id='line_1_7' title="bbox 423 889 2557 969; baseline 0.001 -22"><span class='ocrx_word' id='word_1_45' title='bbox 423 891 555 947; x_wconf 90' lang='lat' dir='ltr'>tret</span> <span class='ocrx_word' id='word_1_46' title='bbox 593 889 1104 965; x_wconf 79' lang='lat' dir='ltr'>propositionem</span> <span class='ocrx_word' id='word_1_47' title='bbox 1149 890 1337 969; x_wconf 90' lang='lat' dir='ltr'>cujus</span> <span class='ocrx_word' id='word_1_48' title='bbox 1382 891 1543 952; x_wconf 85' lang='lat' dir='ltr'>ratio</span> <span class='ocrx_word' id='word_1_49' title='bbox 1594 907 1727 952; x_wconf 90' lang='lat' dir='ltr'>non</span> <span class='ocrx_word' id='word_1_50' title='bbox 1773 895 1949 952; x_wconf 89' lang='lat' dir='ltr'>certo</span> <span class='ocrx_word' id='word_1_51' title='bbox 2002 896 2069 951; x_wconf 88' lang='lat' dir='ltr'>et</span> <span class='ocrx_word' id='word_1_52' title='bbox 2114 889 2455 951; x_wconf 85' lang='lat' dir='ltr'>evidenter</span> <span class='ocrx_word' id='word_1_53' title='bbox 2555 946 2557 950; x_wconf 81' lang='grc'>,</span> 
     </span>
    </p>
   </div>
   <div class='ocr_carea' id='block_1_4' title="bbox 423 974 714 1045">
    <p class='ocr_par' dir='ltr' id='par_1_4' title="bbox 423 974 714 1045">
     <span class='ocr_line' id='line_1_8' title="bbox 423 974 714 1045; baseline 0 -19"><span class='ocrx_word' id='word_1_54' title='bbox 423 974 714 1045; x_wconf 83' lang='lat' dir='ltr'>apparet.</span> 
     </span>
    </p>
   </div>
   <div class='ocr_carea' id='block_1_5' title="bbox 713 1123 2160 1191">
    <p class='ocr_par' dir='ltr' id='par_1_5' title="bbox 713 1123 2160 1191">
     <span class='ocr_line' id='line_1_9' title="bbox 713 1123 2160 1191; baseline 0.002 -19"><span class='ocrx_word' id='word_1_55' title='bbox 713 1124 801 1173; x_wconf 88' lang='grc' dir='ltr'><strong>ΙΙΙ.</strong></span> <span class='ocrx_word' id='word_1_56' title='bbox 827 1125 908 1174; x_wconf 88' lang='lat' dir='ltr'>De.</span> <span class='ocrx_word' id='word_1_57' title='bbox 931 1125 1170 1176; x_wconf 83' lang='lat' dir='ltr'>methodo</span> <span class='ocrx_word' id='word_1_58' title='bbox 1200 1125 1503 1191; x_wconf 78' lang='lat' dir='ltr'>perfectiore</span> <span class='ocrx_word' id='word_1_59' title='bbox 1530 1125 1584 1175; x_wconf 87' lang='lat' dir='ltr'>in</span> <span class='ocrx_word' id='word_1_60' title='bbox 1616 1124 1884 1176; x_wconf 84' lang='lat' dir='ltr'>tradendis</span> <span class='ocrx_word' id='word_1_61' title='bbox 1911 1123 2160 1175; x_wconf 77' lang='lat' dir='ltr'>scientiis,</span> 
     </span>
    </p>
   </div>
   <div class='ocr_carea' id='block_1_6' title="bbox 367 1276 2527 3494">
    <p class='ocr_par' dir='ltr' id='par_1_6' title="bbox 402 1276 2452 1436">
     <span class='ocr_line' id='line_1_10' title="bbox 402 1276 2452 1358; baseline 0 -21"><span class='ocrx_word' id='word_1_62' title='bbox 402 1325 403 1329; x_wconf 15' lang='grc' dir='ltr'>η</span> <span class='ocrx_word' id='word_1_63' title='bbox 510 1277 643 1338; x_wconf 88' lang='grc'><strong>135.</strong></span> <span class='ocrx_word' id='word_1_64' title='bbox 675 1311 753 1319; x_wconf 90' lang='grc'>-</span> <span class='ocrx_word' id='word_1_65' title='bbox 781 1279 873 1338; x_wconf 89' lang='lat' dir='ltr'>Ex</span> <span class='ocrx_word' id='word_1_66' title='bbox 901 1276 1216 1340; x_wconf 90' lang='lat' dir='ltr'>hactenus</span> <span class='ocrx_word' id='word_1_67' title='bbox 1246 1281 1611 1342; x_wconf 85' lang='lat' dir='ltr'>enucleatis</span> <span class='ocrx_word' id='word_1_68' title='bbox 1665 1282 1929 1358; x_wconf 83' lang='lat' dir='ltr'>quaestio</span> <span class='ocrx_word' id='word_1_69' title='bbox 1978 1293 2292 1356; x_wconf 86' lang='lat' dir='ltr'>sequens·</span> <span class='ocrx_word' id='word_1_70' title='bbox 2320 1293 2452 1338; x_wconf 92' lang='lat' dir='ltr'>non</span> 
     </span>
     <span class='ocr_line' id='line_1_11' title="bbox 425 1358 1467 1436; baseline 0.003 -18"><span class='ocrx_word' id='word_1_71' title='bbox 425 1358 980 1436; x_wconf 60' lang='lat' dir='ltr'>praetermittenda</span> <span class='ocrx_word' id='word_1_72' title='bbox 1013 1359 1175 1419; x_wconf 90' lang='lat' dir='ltr'>solvi</span> <span class='ocrx_word' id='word_1_73' title='bbox 1203 1365 1423 1435; x_wconf 81' lang='lat' dir='ltr'>potest</span> <span class='ocrx_word' id='word_1_74' title='bbox 1454 1380 1467 1420; x_wconf 79' lang='lat' dir='ltr'>t</span> 
     </span>
    </p>

    <p class='ocr_par' dir='ltr' id='par_1_7' title="bbox 425 1438 2454 1592">
     <span class='ocr_line' id='line_1_12' title="bbox 434 1438 2454 1507; baseline 0 -11"><span class='ocrx_word' id='word_1_75' title='bbox 434 1462 437 1469; x_wconf 88' lang='grc'><strong><em>·</em></strong></span> <span class='ocrx_word' id='word_1_76' title='bbox 509 1440 812 1507; x_wconf 79' lang='lat' dir='ltr'>Quaenam</span> <span class='ocrx_word' id='word_1_77' title='bbox 855 1441 936 1498; x_wconf 76' lang='lat' dir='ltr'>sit</span> <span class='ocrx_word' id='word_1_78' title='bbox 981 1440 1312 1500; x_wconf 77' lang='lat' dir='ltr'>methodus</span> <span class='ocrx_word' id='word_1_79' title='bbox 1356 1442 1425 1499; x_wconf 91' lang='lat' dir='ltr'>in</span> <span class='ocrx_word' id='word_1_80' title='bbox 1469 1439 1861 1501; x_wconf 72' lang='lat' dir='ltr'>inveniendis</span> <span class='ocrx_word' id='word_1_81' title='bbox 1936 1438 2038 1498; x_wconf 79' lang='lat' dir='ltr'>vel</span> <span class='ocrx_word' id='word_1_82' title='bbox 2122 1438 2454 1499; x_wconf 81' lang='lat' dir='ltr'>tradendis</span> 
     </span>
     <span class='ocr_line' id='line_1_13' title="bbox 425 1516 1199 1592; baseline -0.001 -13"><span class='ocrx_word' id='word_1_83' title='bbox 425 1518 706 1579; x_wconf 70' lang='lat' dir='ltr'>scientias</span> <span class='ocrx_word' id='word_1_84' title='bbox 729 1516 1199 1592; x_wconf 72' lang='lat' dir='ltr'>praeeliyenda?</span> 
     </span>
    </p>

    <p class='ocr_par' dir='ltr' id='par_1_8' title="bbox 425 1596 2527 1995">
     <span class='ocr_line' id='line_1_14' title="bbox 511 1596 2451 1659; baseline 0 -4"><span class='ocrx_word' id='word_1_85' title='bbox 511 1596 568 1655; x_wconf 75' lang='grc' dir='ltr'>1ο</span> <span class='ocrx_word' id='word_1_86' title='bbox 611 1597 984 1657; x_wconf 87' lang='lat' dir='ltr'>Generatim</span> <span class='ocrx_word' id='word_1_87' title='bbox 1013 1600 1078 1658; x_wconf 94' lang='lat' dir='ltr'>in</span> <span class='ocrx_word' id='word_1_88' title='bbox 1145 1597 1432 1658; x_wconf 84' lang='lat' dir='ltr'>scientiis</span> <span class='ocrx_word' id='word_1_89' title='bbox 1460 1596 1875 1658; x_wconf 89' lang='lat' dir='ltr'>inveniendis</span> <span class='ocrx_word' id='word_1_90' title='bbox 1908 1596 2261 1659; x_wconf 87' lang='lat' dir='ltr'>adhibetur</span> <span class='ocrx_word' id='word_1_91' title='bbox 2301 1611 2451 1656; x_wconf 86' lang='lat' dir='ltr'>ana-</span> 
     </span>
     <span class='ocr_line' id='line_1_15' title="bbox 425 1675 2449 1756; baseline -0.001 -19"><span class='ocrx_word' id='word_1_92' title='bbox 425 1676 609 1754; x_wconf 78' lang='lat' dir='ltr'>lysis,</span> <span class='ocrx_word' id='word_1_93' title='bbox 669 1676 827 1736; x_wconf 91' lang='lat' dir='ltr'>dum</span> <span class='ocrx_word' id='word_1_94' title='bbox 877 1677 945 1737; x_wconf 90' lang='lat' dir='ltr'>in</span> <span class='ocrx_word' id='word_1_95' title='bbox 993 1675 1243 1738; x_wconf 41' lang='lat' dir='ltr'>iisdem,</span> <span class='ocrx_word' id='word_1_96' title='bbox 1289 1676 1625 1738; x_wconf 87' lang='lat' dir='ltr'>tradendis</span> <span class='ocrx_word' id='word_1_97' title='bbox 1681 1682 2039 1753; x_wconf 84' lang='lat' dir='ltr'>usurpatur</span> <span class='ocrx_word' id='word_1_98' title='bbox 2094 1677 2449 1756; x_wconf 69' lang='lat' dir='ltr'>synthesis</span> 
     </span>
     <span class='ocr_line' id='line_1_16' title="bbox 427 1755 2527 1835; baseline -0.002 -17"><span class='ocrx_word' id='word_1_99' title='bbox 427 1756 552 1835; x_wconf 85' lang='lat'>(98,</span> <span class='ocrx_word' id='word_1_100' title='bbox 578 1757 664 1834; x_wconf 87' lang='lat'>3⁰)</span> <span class='ocrx_word' id='word_1_101' title='bbox 691 1757 932 1815; x_wconf 86' lang='lat' dir='ltr'>Verum</span> <span class='ocrx_word' id='word_1_102' title='bbox 954 1759 1260 1818; x_wconf 89' lang='lat' dir='ltr'>tamenin</span> <span class='ocrx_word' id='word_1_103' title='bbox 1281 1757 1424 1834; x_wconf 86' lang='lat' dir='ltr'>ipsa</span> <span class='ocrx_word' id='word_1_104' title='bbox 1448 1757 1856 1834; x_wconf 84' lang='lat' dir='ltr'>expositione</span> <span class='ocrx_word' id='word_1_105' title='bbox 1881 1759 2141 1834; x_wconf 88' lang='lat' dir='ltr'>aliquan</span> <span class='ocrx_word' id='word_1_106' title='bbox 2153 1756 2234 1816; x_wconf 93' lang='lat' dir='ltr'>do</span> <span class='ocrx_word' id='word_1_107' title='bbox 2271 1755 2458 1832; x_wconf 80' lang='lat' dir='ltr'>eligi·</span> <span class='ocrx_word' id='word_1_108' title='bbox 2522 1786 2527 1793; x_wconf 93' lang='lat'><strong>·</strong></span> 
     </span>
     <span class='ocr_line' id='line_1_17' title="bbox 429 1834 2453 1915; baseline 0 -21"><span class='ocrx_word' id='word_1_109' title='bbox 429 1840 536 1895; x_wconf 90' lang='lat' dir='ltr'>tur</span> <span class='ocrx_word' id='word_1_110' title='bbox 561 1836 877 1914; x_wconf 85' lang='lat' dir='ltr'>analysis;</span> <span class='ocrx_word' id='word_1_111' title='bbox 904 1837 1129 1913; x_wconf 90' lang='lat' dir='ltr'>itaque</span> <span class='ocrx_word' id='word_1_112' title='bbox 1161 1839 1504 1912; x_wconf 87' lang='lat' dir='ltr'>responsio</span> <span class='ocrx_word' id='word_1_113' title='bbox 1546 1837 1894 1915; x_wconf 77' lang='lat' dir='ltr'>quaestioni</span> <span class='ocrx_word' id='word_1_114' title='bbox 1937 1837 2295 1914; x_wconf 86' lang='lat' dir='ltr'>propositae</span> <span class='ocrx_word' id='word_1_115' title='bbox 2329 1834 2453 1895; x_wconf 89' lang='lat' dir='ltr'>dis-</span> 
     </span>
     <span class='ocr_line' id='line_1_18' title="bbox 426 1915 1299 1995; baseline 0 -19"><span class='ocrx_word' id='word_1_116' title='bbox 426 1915 743 1976; x_wconf 86' lang='lat' dir='ltr'>tinctione</span> <span class='ocrx_word' id='word_1_117' title='bbox 777 1915 1063 1992; x_wconf 82' lang='lat' dir='ltr'>quedam</span> <span class='ocrx_word' id='word_1_118' title='bbox 1095 1921 1252 1995; x_wconf 87' lang='lat' dir='ltr'>eget</span> <span class='ocrx_word' id='word_1_119' title='bbox 1285 1937 1299 1976; x_wconf 91' lang='lat'><strong>:</strong></span> 
     </span>
    </p>

    <p class='ocr_par' dir='ltr' id='par_1_9' title="bbox 367 1992 2454 2377">
     <span class='ocr_line' id='line_1_19' title="bbox 505 1992 2454 2075; baseline -0.002 -20"><span class='ocrx_word' id='word_1_120' title='bbox 505 1996 568 2055; x_wconf 83' lang='lat'>2⁰</span> <span class='ocrx_word' id='word_1_121' title='bbox 596 1996 714 2055; x_wconf 90' lang='lat' dir='ltr'>Vel</span> <span class='ocrx_word' id='word_1_122' title='bbox 744 1997 961 2073; x_wconf 83' lang='lat' dir='ltr'>agitur</span> <span class='ocrx_word' id='word_1_123' title='bbox 993 1995 1074 2056; x_wconf 93' lang='lat' dir='ltr'>de</span> <span class='ocrx_word' id='word_1_124' title='bbox 1107 1995 1384 2075; x_wconf 84' lang='lat' dir='ltr'>singulis</span> <span class='ocrx_word' id='word_1_125' title='bbox 1416 1995 1914 2073; x_wconf 79' lang='lat' dir='ltr'>quaestionibus,</span> <span class='ocrx_word' id='word_1_126' title='bbox 1952 1999 2109 2056; x_wconf 89' lang='lat' dir='ltr'>tunc</span> <span class='ocrx_word' id='word_1_127' title='bbox 2129 1994 2323 2073; x_wconf 90' lang='lat' dir='ltr'>juxta</span> <span class='ocrx_word' id='word_1_128' title='bbox 2353 1992 2454 2052; x_wconf 91' lang='lat' dir='ltr'>in-</span> 
     </span>
     <span class='ocr_line' id='line_1_20' title="bbox 428 2073 2451 2154; baseline -0.002 -20"><span class='ocrx_word' id='word_1_129' title='bbox 428 2073 648 2135; x_wconf 86' lang='lat' dir='ltr'>dolem</span> <span class='ocrx_word' id='word_1_130' title='bbox 679 2077 1118 2152; x_wconf 84' lang='lat' dir='ltr'>quaestionum</span> <span class='ocrx_word' id='word_1_131' title='bbox 1149 2076 1499 2138; x_wconf 89' lang='lat' dir='ltr'>adhibetur</span> <span class='ocrx_word' id='word_1_132' title='bbox 1524 2075 1721 2136; x_wconf 89' lang='lat' dir='ltr'>modo</span> <span class='ocrx_word' id='word_1_133' title='bbox 1754 2075 2039 2154; x_wconf 84' lang='lat' dir='ltr'>analysis</span> <span class='ocrx_word' id='word_1_134' title='bbox 2067 2073 2267 2134; x_wconf 92' lang='lat' dir='ltr'>modo</span> <span class='ocrx_word' id='word_1_135' title='bbox 2302 2087 2451 2152; x_wconf 86' lang='lat' dir='ltr'>syn-</span> 
     </span>
     <span class='ocr_line' id='line_1_21' title="bbox 426 2153 2453 2232; baseline -0.002 -17"><span class='ocrx_word' id='word_1_136' title='bbox 426 2155 652 2226; x_wconf 84' lang='lat' dir='ltr'>thesiS‚</span> <span class='ocrx_word' id='word_1_137' title='bbox 688 2160 881 2232; x_wconf 89' lang='lat' dir='ltr'>prout</span> <span class='ocrx_word' id='word_1_138' title='bbox 908 2172 1039 2216; x_wconf 91' lang='lat' dir='ltr'>una</span> <span class='ocrx_word' id='word_1_139' title='bbox 1068 2156 1175 2216; x_wconf 91' lang='lat' dir='ltr'>vel</span> <span class='ocrx_word' id='word_1_140' title='bbox 1223 2157 1423 2216; x_wconf 84' lang='lat' dir='ltr'>altera</span> <span class='ocrx_word' id='word_1_141' title='bbox 1475 2154 1847 2232; x_wconf 82' lang='lat' dir='ltr'>expeditius</span> <span class='ocrx_word' id='word_1_142' title='bbox 1889 2160 1955 2216; x_wconf 90' lang='lat' dir='ltr'>et</span> <span class='ocrx_word' id='word_1_143' title='bbox 2002 2153 2290 2214; x_wconf 88' lang='lat' dir='ltr'>lucidius</span> <span class='ocrx_word' id='word_1_144' title='bbox 2344 2154 2453 2212; x_wconf 91' lang='lat' dir='ltr'>dat</span> 
     </span>
     <span class='ocr_line' id='line_1_22' title="bbox 425 2234 2450 2313; baseline -0.001 -19"><span class='ocrx_word' id='word_1_145' title='bbox 425 2234 820 2294; x_wconf 89' lang='lat' dir='ltr'>solutionem</span> <span class='ocrx_word' id='word_1_146' title='bbox 851 2236 1273 2313; x_wconf 89' lang='lat' dir='ltr'>quaestionis;</span> <span class='ocrx_word' id='word_1_147' title='bbox 1324 2236 1449 2296; x_wconf 91' lang='lat' dir='ltr'>hac</span> <span class='ocrx_word' id='word_1_148' title='bbox 1476 2236 1543 2295; x_wconf 87' lang='lat' dir='ltr'>in</span> <span class='ocrx_word' id='word_1_149' title='bbox 1589 2252 1664 2296; x_wconf 90' lang='lat' dir='ltr'>re</span> <span class='ocrx_word' id='word_1_150' title='bbox 1697 2235 1857 2298; x_wconf 87' lang='lat' dir='ltr'>ordo</span> <span class='ocrx_word' id='word_1_151' title='bbox 1892 2240 1957 2295; x_wconf 91' lang='lat' dir='ltr'>et</span> <span class='ocrx_word' id='word_1_152' title='bbox 2012 2235 2450 2311; x_wconf 86' lang='lat' dir='ltr'>perspicuitas</span> 
     </span>
     <span class='ocr_line' id='line_1_23' title="bbox 367 2313 1616 2377; baseline 0.002 -3"><span class='ocrx_word' id='word_1_153' title='bbox 367 2341 370 2345; x_wconf 45' lang='lat'><strong>⁴</strong></span> <span class='ocrx_word' id='word_1_154' title='bbox 428 2313 876 2376; x_wconf 87' lang='lat' dir='ltr'>tantummodo</span> <span class='ocrx_word' id='word_1_155' title='bbox 912 2314 1313 2377; x_wconf 88' lang='lat' dir='ltr'>considerari</span> <span class='ocrx_word' id='word_1_156' title='bbox 1346 2315 1616 2376; x_wconf 84' lang='lat' dir='ltr'>debent.</span> 
     </span>
    </p>

    <p class='ocr_par' dir='ltr' id='par_1_10' title="bbox 427 2390 2455 2871">
     <span class='ocr_line' id='line_1_24' title="bbox 509 2390 2448 2474; baseline -0.003 -20"><span class='ocrx_word' id='word_1_157' title='bbox 509 2393 783 2468; x_wconf 85' lang='lat' dir='ltr'>Quando</span> <span class='ocrx_word' id='word_1_158' title='bbox 831 2397 1107 2470; x_wconf 84' lang='lat' dir='ltr'>quaestio</span> <span class='ocrx_word' id='word_1_159' title='bbox 1151 2410 1271 2471; x_wconf 89' lang='lat' dir='ltr'>per</span> <span class='ocrx_word' id='word_1_160' title='bbox 1317 2393 1635 2474; x_wconf 88' lang='lat' dir='ltr'>analysim</span> <span class='ocrx_word' id='word_1_161' title='bbox 1682 2397 1955 2456; x_wconf 88' lang='lat' dir='ltr'>tractata</span> <span class='ocrx_word' id='word_1_162' title='bbox 2011 2408 2145 2452; x_wconf 88' lang='lat' dir='ltr'>non</span> <span class='ocrx_word' id='word_1_163' title='bbox 2184 2390 2448 2468; x_wconf 72' lang='lat' dir='ltr'>longio-</span> 
     </span>
     <span class='ocr_line' id='line_1_25' title="bbox 427 2470 2452 2551; baseline -0.003 -17"><span class='ocrx_word' id='word_1_164' title='bbox 427 2489 570 2534; x_wconf 88' lang='lat' dir='ltr'>rem</span> <span class='ocrx_word' id='word_1_165' title='bbox 600 2474 978 2551; x_wconf 83' lang='lat' dir='ltr'>exquireret</span> <span class='ocrx_word' id='word_1_166' title='bbox 1006 2475 1506 2550; x_wconf 88' lang='lat' dir='ltr'>expositionem,</span> <span class='ocrx_word' id='word_1_167' title='bbox 1550 2475 1693 2534; x_wconf 90' lang='lat' dir='ltr'>haec</span> <span class='ocrx_word' id='word_1_168' title='bbox 1750 2471 2103 2534; x_wconf 88' lang='lat' dir='ltr'>methodus</span> <span class='ocrx_word' id='word_1_169' title='bbox 2162 2475 2262 2532; x_wconf 88' lang='lat' dir='ltr'>est</span> <span class='ocrx_word' id='word_1_170' title='bbox 2335 2470 2452 2530; x_wconf 90' lang='lat' dir='ltr'>eli-</span> 
     </span>
     <span class='ocr_line' id='line_1_26' title="bbox 428 2551 2455 2633; baseline -0.003 -19"><span class='ocrx_word' id='word_1_171' title='bbox 428 2554 672 2633; x_wconf 81' lang='lat' dir='ltr'>genda,</span> <span class='ocrx_word' id='word_1_172' title='bbox 733 2557 962 2629; x_wconf 89' lang='lat' dir='ltr'>utpote</span> <span class='ocrx_word' id='word_1_173' title='bbox 1030 2557 1241 2632; x_wconf 81' lang='lat' dir='ltr'>magis</span> <span class='ocrx_word' id='word_1_174' title='bbox 1311 2554 1807 2615; x_wconf 87' lang='lat' dir='ltr'>accommodata</span> <span class='ocrx_word' id='word_1_175' title='bbox 1881 2555 2134 2613; x_wconf 86' lang='lat' dir='ltr'>naturae</span> <span class='ocrx_word' id='word_1_176' title='bbox 2210 2551 2455 2611; x_wconf 87' lang='lat' dir='ltr'>mentis</span> 
     </span>
     <span class='ocr_line' id='line_1_27' title="bbox 427 2629 2455 2711; baseline -0.003 -16"><span class='ocrx_word' id='word_1_177' title='bbox 427 2634 767 2706; x_wconf 89' lang='lat' dir='ltr'>humanae;</span> <span class='ocrx_word' id='word_1_178' title='bbox 843 2632 963 2694; x_wconf 88' lang='lat' dir='ltr'>sed</span> <span class='ocrx_word' id='word_1_179' title='bbox 1026 2635 1177 2711; x_wconf 89' lang='lat' dir='ltr'>quia</span> <span class='ocrx_word' id='word_1_180' title='bbox 1236 2634 1301 2695; x_wconf 88' lang='lat' dir='ltr'>id</span> <span class='ocrx_word' id='word_1_181' title='bbox 1346 2634 1740 2711; x_wconf 89' lang='lat' dir='ltr'>plerumque</span> <span class='ocrx_word' id='word_1_182' title='bbox 1783 2648 1917 2692; x_wconf 89' lang='lat' dir='ltr'>non</span> <span class='ocrx_word' id='word_1_183' title='bbox 1977 2630 2217 2701; x_wconf 89' lang='lat' dir='ltr'>evenit,</span> <span class='ocrx_word' id='word_1_184' title='bbox 2270 2629 2343 2690; x_wconf 89' lang='lat' dir='ltr'>fit</span> <span class='ocrx_word' id='word_1_185' title='bbox 2384 2633 2455 2689; x_wconf 91' lang='lat' dir='ltr'>ut</span> 
     </span>
     <span class='ocr_line' id='line_1_28' title="bbox 427 2710 2451 2792; baseline -0.002 -18"><span class='ocrx_word' id='word_1_186' title='bbox 427 2715 796 2792; x_wconf 85' lang='lat' dir='ltr'>generatim</span> <span class='ocrx_word' id='word_1_187' title='bbox 838 2713 1230 2775; x_wconf 86' lang='lat' dir='ltr'>adhibeatur</span> <span class='ocrx_word' id='word_1_188' title='bbox 1287 2713 1638 2774; x_wconf 89' lang='lat' dir='ltr'>methodus</span> <span class='ocrx_word' id='word_1_189' title='bbox 1702 2712 2096 2792; x_wconf 84' lang='lat' dir='ltr'>synthetica.¹</span> <span class='ocrx_word' id='word_1_190' title='bbox 2146 2710 2344 2770; x_wconf 87' lang='lat' dir='ltr'>etiam</span> <span class='ocrx_word' id='word_1_191' title='bbox 2386 2711 2451 2771; x_wconf 90' lang='lat' dir='ltr'>in</span> 
     </span>
     <span class='ocr_line' id='line_1_29' title="bbox 430 2793 1713 2871; baseline -0.002 -17"><span class='ocrx_word' id='word_1_192' title='bbox 430 2794 707 2871; x_wconf 84' lang='lat' dir='ltr'>singulis</span> <span class='ocrx_word' id='word_1_193' title='bbox 752 2794 1227 2870; x_wconf 88' lang='lat' dir='ltr'>quaestionibus</span> <span class='ocrx_word' id='word_1_194' title='bbox 1260 2793 1713 2854; x_wconf 81' lang='lat' dir='ltr'>enucleandis,</span> 
     </span>
    </p>

    <p class='ocr_par' dir='ltr' id='par_1_11' title="bbox 510 2872 2450 2951">
     <span class='ocr_line' id='line_1_30' title="bbox 510 2872 2450 2951; baseline -0.005 -16"><span class='ocrx_word' id='word_1_195' title='bbox 510 2875 572 2935; x_wconf 85' lang='lat'>3⁰</span> <span class='ocrx_word' id='word_1_196' title='bbox 613 2875 730 2933; x_wconf 90' lang='lat' dir='ltr'>Vel</span> <span class='ocrx_word' id='word_1_197' title='bbox 760 2876 978 2951; x_wconf 82' lang='lat' dir='ltr'>agitur</span> <span class='ocrx_word' id='word_1_198' title='bbox 1007 2874 1090 2934; x_wconf 92' lang='lat' dir='ltr'>de</span> <span class='ocrx_word' id='word_1_199' title='bbox 1119 2874 1418 2951; x_wconf 84' lang='lat' dir='ltr'>generali</span> <span class='ocrx_word' id='word_1_200' title='bbox 1452 2872 1879 2949; x_wconf 88' lang='lat' dir='ltr'>dispositione</span> <span class='ocrx_word' id='word_1_201' title='bbox 1909 2873 2257 2931; x_wconf 86' lang='lat' dir='ltr'>veritatum</span> <span class='ocrx_word' id='word_1_202' title='bbox 2288 2883 2450 2945; x_wconf 90' lang='lat' dir='ltr'>quas</span> 
     </span>
    </p>

    <p class='ocr_par' dir='ltr' id='par_1_12' title="bbox 378 2948 2451 3494">
     <span class='ocr_line' id='line_1_31' title="bbox 427 2948 2451 3030; baseline -0.004 -16"><span class='ocrx_word' id='word_1_203' title='bbox 427 2955 700 3015; x_wconf 87' lang='lat' dir='ltr'>scientia</span> <span class='ocrx_word' id='word_1_204' title='bbox 748 2954 892 3013; x_wconf 87' lang='lat' dir='ltr'>haec</span> <span class='ocrx_word' id='word_1_205' title='bbox 939 2954 1417 3030; x_wconf 89' lang='lat' dir='ltr'>complectitur,</span> <span class='ocrx_word' id='word_1_206' title='bbox 1477 2958 1631 3013; x_wconf 89' lang='lat' dir='ltr'>tunc</span> <span class='ocrx_word' id='word_1_207' title='bbox 1673 2950 2028 3011; x_wconf 87' lang='lat' dir='ltr'>methodus</span> <span class='ocrx_word' id='word_1_208' title='bbox 2082 2948 2451 3028; x_wconf 84' lang='lat' dir='ltr'>synthetica</span> 
     </span>
     <span class='ocr_line' id='line_1_32' title="bbox 378 3031 2449 3112; baseline -0.005 -15"><span class='ocrx_word' id='word_1_209' title='bbox 378 3094 381 3097; x_wconf 78' lang='grc'>,</span> <span class='ocrx_word' id='word_1_210' title='bbox 429 3036 531 3094; x_wconf 87' lang='lat' dir='ltr'>est</span> <span class='ocrx_word' id='word_1_211' title='bbox 573 3035 956 3105; x_wconf 81' lang='lat' dir='ltr'>accuratior,</span> <span class='ocrx_word' id='word_1_212' title='bbox 1023 3034 1175 3110; x_wconf 92' lang='lat' dir='ltr'>quia</span> <span class='ocrx_word' id='word_1_213' title='bbox 1243 3034 1561 3112; x_wconf 87' lang='lat' dir='ltr'>majorem</span> <span class='ocrx_word' id='word_1_214' title='bbox 1611 3031 2152 3108; x_wconf 86' lang='lat' dir='ltr'>perspicuitatem</span> <span class='ocrx_word' id='word_1_215' title='bbox 2196 3033 2261 3089; x_wconf 89' lang='lat' dir='ltr'>et</span> <span class='ocrx_word' id='word_1_216' title='bbox 2304 3044 2449 3106; x_wconf 88' lang='lat' dir='ltr'>per-</span> 
     </span>
     <span class='ocr_line' id='line_1_33' title="bbox 427 3109 1284 3174; baseline -0.001 -2"><span class='ocrx_word' id='word_1_217' title='bbox 427 3109 772 3174; x_wconf 89' lang='lat' dir='ltr'>fectiorem</span> <span class='ocrx_word' id='word_1_218' title='bbox 803 3112 1106 3174; x_wconf 88' lang='lat' dir='ltr'>ordinem</span> <span class='ocrx_word' id='word_1_219' title='bbox 1151 3112 1284 3173; x_wconf 85' lang='lat' dir='ltr'>dat.</span> 
     </span>
     <span class='ocr_line' id='line_1_34' title="bbox 429 3189 2449 3269; baseline -0.003 -16"><span class='ocrx_word' id='word_1_220' title='bbox 429 3242 440 3245; x_wconf 84' lang='lat'>-</span> <span class='ocrx_word' id='word_1_221' title='bbox 513 3193 647 3254; x_wconf 84' lang='lat'>136.</span> <span class='ocrx_word' id='word_1_222' title='bbox 696 3227 771 3235; x_wconf 92' lang='lat'>—</span> <span class='ocrx_word' id='word_1_223' title='bbox 825 3192 1184 3254; x_wconf 87' lang='lat' dir='ltr'>Processus</span> <span class='ocrx_word' id='word_1_224' title='bbox 1254 3190 1581 3269; x_wconf 83' lang='lat' dir='ltr'>generalis</span> <span class='ocrx_word' id='word_1_225' title='bbox 1628 3189 1739 3266; x_wconf 90' lang='lat' dir='ltr'>qui</span> <span class='ocrx_word' id='word_1_226' title='bbox 1783 3189 2079 3268; x_wconf 83' lang='lat' dir='ltr'>synthesi</span> <span class='ocrx_word' id='word_1_227' title='bbox 2134 3190 2343 3250; x_wconf 89' lang='lat' dir='ltr'>utitur</span> <span class='ocrx_word' id='word_1_228' title='bbox 2384 3190 2449 3250; x_wconf 92' lang='lat' dir='ltr'>in</span> 
     </span>
     <span class='ocr_line' id='line_1_35' title="bbox 426 3268 2447 3350; baseline -0.002 -17"><span class='ocrx_word' id='word_1_229' title='bbox 426 3273 723 3350; x_wconf 86' lang='lat' dir='ltr'>generali</span> <span class='ocrx_word' id='word_1_230' title='bbox 755 3273 1172 3348; x_wconf 88' lang='lat' dir='ltr'>dispositione</span> <span class='ocrx_word' id='word_1_231' title='bbox 1203 3273 1567 3338; x_wconf 89' lang='lat' dir='ltr'>notionum,</span> <span class='ocrx_word' id='word_1_232' title='bbox 1604 3268 1763 3330; x_wconf 91' lang='lat' dir='ltr'>dum</span> <span class='ocrx_word' id='word_1_233' title='bbox 1801 3270 1869 3328; x_wconf 90' lang='lat' dir='ltr'>in</span> <span class='ocrx_word' id='word_1_234' title='bbox 1906 3269 2181 3347; x_wconf 80' lang='lat' dir='ltr'>singulis</span> <span class='ocrx_word' id='word_1_235' title='bbox 2240 3283 2447 3345; x_wconf 88' lang='lat' dir='ltr'>quaes-</span> 
     </span>
     <span class='ocr_line' id='line_1_36' title="bbox 431 3347 2444 3430; baseline -0.002 -18"><span class='ocrx_word' id='word_1_236' title='bbox 431 3352 718 3414; x_wconf 89' lang='lat' dir='ltr'>tionibus</span> <span class='ocrx_word' id='word_1_237' title='bbox 783 3352 982 3413; x_wconf 89' lang='lat' dir='ltr'>modo</span> <span class='ocrx_word' id='word_1_238' title='bbox 1054 3353 1394 3430; x_wconf 85' lang='lat' dir='ltr'>analysim‚</span> <span class='ocrx_word' id='word_1_239' title='bbox 1467 3348 1665 3410; x_wconf 90' lang='lat' dir='ltr'>modo</span> <span class='ocrx_word' id='word_1_240' title='bbox 1733 3350 2100 3429; x_wconf 87' lang='lat' dir='ltr'>synthesim</span> <span class='ocrx_word' id='word_1_241' title='bbox 2158 3347 2444 3419; x_wconf 84' lang='lat' dir='ltr'>adhibet,</span> 
     </span>
     <span class='ocr_line' id='line_1_37' title="bbox 407 3429 1339 3494; baseline 0 -2"><span class='ocrx_word' id='word_1_242' title='bbox 407 3430 669 3494; x_wconf 55' lang='lat' dir='ltr'>&gt;dicitur</span> <span class='ocrx_word' id='word_1_243' title='bbox 709 3429 1061 3492; x_wconf 89' lang='lat' dir='ltr'>methodus</span> <span class='ocrx_word' id='word_1_244' title='bbox 1101 3434 1339 3492; x_wconf 74' lang='lat' dir='ltr'>mixta.</span> 
     </span>
    </p>
   </div>
   <div class='ocr_carea' id='block_1_7' title="bbox 2602 2176 2609 4235">
    <p class='ocr_par' dir='ltr' id='par_1_13' title="bbox 2602 2176 2609 4235">
     <span class='ocr_line' id='line_1_38' title="bbox 2602 2176 2609 4235; baseline 0 0"><span class='ocrx_word' id='word_1_245' title='bbox 2602 2176 2609 4235; x_wconf 95' lang='lat' dir='ltr'> </span> 
     </span>
    </p>
   </div>
  </div>
 </body>
</html>
