2650 4242
481 291 597 336 booron
617 292 691 337 rans
711 298 732 339 ι.
1070 279 1113 342 49

86 400 245 478 mi„sunt
259 408 451 483 sequentes,
468 421 607 484 quarunt
623 414 765 486 quatuor
778 410 906 488 priores
931 408 974 471 ad
1000 415 1110 475 termi-

87 499 155 545 nos
171 489 334 561 spectant,
352 489 494 564 quatuor
516 490 718 563 posteriores
741 490 784 549 ad
808 492 981 551 materiam
1000 492 1111 570 proxi-

87 579 185 625 mam
200 565 392 644 syllogismi,
408 581 470 626 seu
484 565 527 627 ad
540 569 784 645 propositiones
800 588 807 626 ε

136 645 351 706 Llerminus
363 649 433 707 esto
446 647 575 723 triplex,
587 648 719 710 medius
728 649 913 728 majorque,
925 650 1111 728 minorque.

132 726 166 786 2.
184 725 292 786 Latius
306 725 379 800 hos,
398 740 497 803 quam
510 728 705 806 praemissae,
722 729 889 791 conclusio
904 744 972 790 non
986 731 1065 791 vult.

133 806 166 866 3.
182 803 398 882 Nequaquam
413 805 559 866 medium
576 807 682 885 capiat
698 809 863 870 conclusio
880 815 1021 887 oportet.

133 887 166 945 4.
181 885 247 944 Aut
259 885 376 957 semel,
393 889 449 945 aut
464 887 582 947 iterum
596 887 727 950 medius
741 889 941 967 generaliter
955 895 1038 952 esto.

133 967 166 1026 5.
184 966 326 1042 Utraque
342 964 369 1023 si
383 967 553 1041 praemissa
568 973 682 1047 neget,
697 970 779 1031 nihil
792 969 871 1031 inde
881 974 1050 1047 sequetur.

133 1043 165 1105 6.
181 1045 295 1104 Ambae
311 1041 511 1106 affirmantes
525 1053 699 1124 nequeunt
713 1065 875 1128 generare
890 1055 1071 1129 negantem

134 1126 166 1184 7.
184 1123 336 1200 Pejorem
351 1126 499 1202 sequitur
513 1142 646 1205 semper
661 1129 827 1190 conclusio
843 1134 983 1206 partem.

134 1205 166 1264 8.
185 1202 232 1266 Nil
247 1203 396 1280 sequitur
409 1205 607 1282 geminis-ex
621 1208 874 1284 particularibus
893 1224 1051 1287 unquam.

135 1283 160 1344 l·
174 1285 300 1360 Reputo
314 1288 402 1344 vetat
416 1301 458 1345 ne
473 1288 507 1346 in
522 1288 714 1366 syllogismo
729 1289 842 1365 plures
855 1289 921 1350 sint
933 1303 1032 1365 quam
1047 1294 1115 1350 tres

94 1364 239 1424 termini.
256 1363 337 1423 Nam
352 1364 562 1442 syllogismus
577 1369 611 1428 in
627 1384 666 1428 eo
684 1369 841 1438 consistit,
860 1368 950 1445 quod
973 1371 1116 1430 duorum

93 1446 250 1505 idearum
266 1444 495 1504 convenientia
509 1447 563 1506 vel
576 1449 796 1526 repugnantia
810 1449 968 1525 probetur
993 1464 1034 1507 ex
1058 1464 1113 1509 ea-

93 1522 253 1583 rumdem
268 1524 488 1585 consensione
511 1527 565 1587 vel
588 1543 702 1606 pugna
728 1543 803 1586 cum
826 1530 941 1600 tertto‚·
959 1525 1048 1604 atqui
1073 1528 1116 1589 ad

94 1602 161 1663 hoc
178 1605 247 1662 tres
264 1603 403 1675 termini,
423 1606 451 1663 l⁰
465 1609 686 1680 requiruntur,
703 1623 799 1668 secus
821 1623 888 1667 non
914 1612 1003 1668 esset
1024 1623 1113 1669 com·

93 1685 227 1761 paratio
244 1687 478 1754 extremorum,
496 1689 529 1748 ct
543 1687 575 1746 2⁰
589 1689 764 1764 sufficiunt,
780 1687 874 1747 aliter
887 1689 958 1763 ipsa
969 1691 1116 1748 extrema

98 1766 291 1839 comparata
305 1764 339 1822 in
355 1763 562 1826 conclusione
578 1783 645 1826 non
660 1767 832 1828 unirentur
845 1784 875 1828 v.
892 1781 926 1846 g.
946 1769 1055 1828 :Deus
1067 1773 1120 1828 est

94 1843 326 1981 olmnipotcns3
344 1843 435 1920 atqui
447 1843 546 1906 homo
564 1849 614 1908 est
630 1846 762 1920 doctus;
789 1863 907 1926 ergo...
924 1848 1013 1908 nulla
1037 1863 1115 1908 con·

93 1938 111 1982 c
126 1937 212 1983 usro.

137 2001 206 2063 Sed
222 2000 406 2062 cavendum
431 2008 481 2063 est
506 2019 549 2064 ne
574 2004 691 2082 aliquis
707 2005 864 2066 terminus
879 2007 992 2082 specie
1016 2021 1114 2081 unuS,

94 2097 217 2158 reapse
234 2081 275 2142 sit
288 2080 470 2158 multiplex,
487 2088 623 2162 propter
638 2084 784 2147 diversas
799 2084 1054 2164 significationes
1063 2087 1118 2147 vel

95 2162 346 2240 suppositiones
360 2178 390 2223 v.
408 2178 441 2240 g.
461 2183 469 2224 :
486 2165 549 2225 Leo
569 2169 619 2226 est
633 2167 755 2226 animal
767 2163 876 2243 ferox3
894 2165 984 2243 atqui
999 2166 1052 2226 leo
1068 2171 1119 2226 est

94 2257 164 2302 vox
180 2241 320 2302 duarum
334 2241 552 2321 syllabarum3
571 2261 651 2324 ergo
676 2261 742 2307 vox
763 2245 904 2307 duarum
917 2244 1118 2325 syllabarum

97 2326 151 2383 est
166 2321 287 2384 animal
300 2319 405 2382 ferox.

139 2401 314 2477 traeputo
326 2401 479 2478 prohibet
494 2417 536 2462 ne
553 2403 683 2464 termini
695 2405 731 2464 in
745 2404 956 2466 conclusione
975 2402 1121 2465 habeant

97 2481 264 2559 majorem
279 2484 508 2544 extensionem
535 2499 634 2559 quam
657 2485 691 2544 in
706 2484 894 2561 ¹praemissis
916 2482 1116 2545 habuerunt.

97 2560 282 2633 Terminus,
295 2561 391 2640 juxta
408 2559 570 2623 diversam
585 2566 815 2626 extensionem
825 2568 988 2640 sumptus
999 2578 1118 2641 reapse

100 2644 154 2702 est
165 2638 349 2718 multiplerr,
366 2658 426 2704 seu
442 2640 570 2703 diversa
579 2639 754 2722 significat,
767 2647 800 2704 et
809 2648 987 2720 propterea
996 2643 1030 2702 in
1043 2659 1118 2706 con·

100 2719 251 2782 elusione
264 2720 299 2780 id
314 2726 520 2782 assereretur
535 2723 625 2800 quod
639 2739 707 2784 non
721 2722 783 2785 fuit
797 2723 974 2800 probatum
986 2723 1020 2783 in
1034 2739 1118 2800 prae-

98 2799 227 2871 missis;
245 2801 442 2878 comparatio
459 2800 644 2864 enimfacta
657 2803 719 2863 fuit
734 2819 808 2864 cum
831 2807 925 2880 parte
951 2805 1117 2865 extensio·

99 2882 165 2953 nis,
182 2877 263 2939 dum
277 2882 311 2942 in
327 2879 538 2943 conclusione
553 2879 733 2944 affirmatur
747 2884 849 2944 altera
863 2898 940 2959 pars
956 2897 1032 2959 quae
1051 2900 1120 2944 non

99 2957 163 3020 fuit
178 2965 367 3036 comparata
380 2978 411 3023 v.
428 2977 462 3040 g.
483 2981 490 3021 :
508 2962 621 3022 Onmis
635 2964 717 3024 latro
735 2969 786 3025 est
799 2964 913 3035 homo;
932 2963 1023 3041 atqui
1047 2979 1117 3026 om·

100 3040 153 3100 nis
166 3038 250 3099 latro
265 3053 382 3116 poenas
396 3046 558 3116 meretur3
577 3058 657 3120 ergo
671 3043 778 3105 omnis
793 3043 892 3105 homo
907 3056 1025 3120 poenas
1047 3059 1119 3103 me·

100 3123 205 3182 retur.

142 3199 194 3260 llr
208 3198 336 3273 nepotc
350 3214 411 3275 per
425 3215 462 3262 se
481 3205 584 3277 patet,
601 3218 679 3276 nam
693 3202 720 3263 si
734 3201 863 3263 medius
887 3200 1047 3262 terminus
1063 3218 1120 3264 ex·

100 3279 302 3354 primeretur
316 3277 350 3338 in
366 3280 588 3353 conclusione,
607 3283 774 3344 conclusio
796 3282 870 3342 haec
893 3297 962 3342 non
986 3284 1122 3344 conclu·

102 3357 210 3434 deret,
226 3358 287 3419 sed
303 3364 518 3436 compararet.

143 3441 197 3501 tv*
209 3440 337 3514 nepotc
352 3440 502 3516 praecipit
515 3443 553 3502 ut
566 3439 696 3501 medius
709 3441 867 3502 terminus
882 3442 915 3502 in
929 3438 1121 3516 praemissiS,

101 3519 211 3580 semel
225 3518 344 3578 saltem
358 3519 589 3581 universaliter
603 3519 808 3584 distributive
824 3525 984 3592 sumatur,
999 3533 1122 3596 nempe

100 3614 162 3676 pro
179 3615 220 3660 ea
235 3597 325 3660 omni
340 3611 376 3660 re
390 3615 449 3676 pro
467 3617 532 3677 qua
547 3601 652 3677 accipi
667 3605 788 3677 potest.
804 3600 896 3662 Ratio
910 3599 1037 3679 regulae
1049 3598 1121 3658 haec

103 3682 156 3739 est
174 3697 181 3739 :
197 3677 370 3742 'terminus
383 3679 438 3741 ifle
449 3679 749 3759 bisparticulariter
758 3684 910 3758 sumptus
921 3683 1011 3741 esset
1020 3678 1122 3757 aequi·

440 3766 525 3828 Bnnv.
542 3776 617 3828 Pmn.
635 3777 666 3828 Τ.
681 3779 701 3828 1.
716 3803 747 3816 -
759 3778 783 3827 i.
