2650 4242
416 259 497 321 84
1054 279 1415 324 saavmamn
1454 279 1856 325 PHILOSOPHIAE.

422 391 839 473 cognitioniS‚
868 391 940 455 id
970 395 1094 466 est,
1127 396 1211 456 sit
1236 393 1417 470 prius
1450 397 1713 473 cognita
1747 414 1761 456 :
1796 393 2134 456 exorditur
2162 410 2322 475 ergo
2360 397 2438 458 ab

422 489 502 534 eo
535 473 716 550 quod
746 477 850 534 est
879 477 1019 534 tum
1046 473 1114 533 in
1146 490 1274 535 esse
1294 479 1443 534 'tum
1472 473 1541 534 in
1569 477 1925 551 coquitz‘one
1956 475 2159 550 prius.

501 554 582 614 2⁰·
614 553 1096 614 Demonstratio
1137 552 1375 615 dicitur
1402 571 1442 614 a
1471 556 1843 631 posteriori,
1877 556 2140 632 quando
2171 553 2239 615 id
2267 556 2444 633 quod

423 634 762 694 constituit
788 633 1180 710 principium
1204 631 1776 696 demonstrationis
1796 635 2172 712 ontologice
2198 633 2443 712 depen-

423 711 541 774 det
569 713 651 774 ab
684 728 762 774 eo
798 711 1493 790 quoddemonstratur
1526 733 1541 774 ε
1571 714 1645 775 fit
1680 730 2024 792 regressus
2072 714 2152 775 ab
2204 715 2446 777 effectu

425 791 511 853 ad
543 808 829 862 causam,
865 803 932 854 et
958 792 1110 854 ideo
1144 791 1381 854 dicitur
1410 794 1607 854 etiam
1637 793 2109 855 demonstratio
2141 797 2320 870 quia.

505 872 570 933 Si
599 875 993 933 rationatum
1029 872 1209 950 prius
1248 879 1765 953 cognosceretur
1813 890 2010 951 quam
2056 874 2203 952 ejus
2253 875 2444 943 ratio,

425 950 894 1013 demonstratio
927 954 1007 1014 ab
1035 951 1142 1013 illo
1175 954 1517 1016 exordium
1545 954 1841 1027 haberet,
1867 971 1945 1015 ac
1967 953 2244 1033 proinde
2269 959 2449 1016 esset

427 1047 464 1092 a
491 1034 858 1110 posteriori.
1068 1035 1071 1037 ’

531 1112 668 1171 Haec
717 1108 942 1172 divisio
989 1116 1092 1171 est
1137 1111 1477 1190 adaequata
1514 1129 1718 1174 :vera
1750 1116 1924 1175 enim
1974 1111 2445 1174 demonstratio

425 1188 628 1252 debet
654 1191 1017 1268 procedere
1049 1207 1132 1251 ex
1151 1192 1371 1254 medio
1410 1193 1852 1254 necessariam
1879 1192 2163 1253 habente
2196 1209 2444 1254 conne-

420 1270 688 1333 xionem
739 1287 881 1332 cum
921 1287 994 1331 re
1044 1269 1580 1345 demonstranda,
1623 1277 1691 1333 et
1739 1272 1975 1332 notiori
2018 1271 2239 1350 quoad
2289 1287 2443 1343 nos;

423 1352 606 1428 atqui
643 1368 840 1413 omne
873 1351 1168 1412 medium
1197 1353 1641 1413 necessariam
1681 1354 2161 1414 connexionem
2192 1353 2449 1414 habens

425 1448 577 1493 cum
623 1446 693 1490 re
737 1429 1272 1499 demonstranda,
1324 1437 1429 1494 est
1462 1433 1567 1493 vel
1599 1447 1818 1505 causa,
1856 1438 1919 1492 et
1945 1430 2100 1494 facit
2129 1433 2446 1493 demons-

421 1510 772 1571 trationem
800 1526 839 1571 a
885 1512 1104 1588 priori,
1137 1513 1245 1572 vel
1280 1529 1419 1573 non
1450 1517 1551 1573 est
1591 1528 1810 1587 causa,
1845 1517 1913 1573 et
1946 1510 2099 1573 facit
2129 1511 2446 1572 demons-

420 1591 774 1651 trationem
804 1606 841 1651 a
868 1591 1238 1668 posteriori.
1625 1663 1630 1667 ¹

506 1671 745 1731 132-
775 1671 1253 1731 Demonstratio
1287 1671 1487 1732 etiam
1520 1669 1755 1733 dicitur
1783 1669 2081 1731 absoluta
2127 1670 2233 1732 vel
2268 1671 2446 1730 rela-

419 1750 575 1819 tiva,
597 1756 795 1827 prout
813 1750 1150 1812 exorditur
1169 1767 1206 1812 a
1233 1751 1549 1828 principio
1583 1755 1786 1823 certo,
1816 1756 1882 1810 et
1901 1748 1982 1811 ab
2006 1751 2311 1813 omnibus
2335 1750 2446 1811 ad-

418 1831 645 1901 misso,
671 1831 776 1891 vel
799 1829 1134 1891 exorditur
1155 1830 1651 1908 apropositione
1674 1830 1755 1890 ab
1780 1829 2150 1892 adversario
2171 1835 2445 1906 accepta

419 1911 559 1970 sive
588 1925 740 1970 vera
766 1912 1030 1971 'certave
1062 1911 1166 1983 sit,
1197 1912 1334 1972 sive
1364 1927 1498 1971 non
1529 1912 1630 1971 sit.
1655 1910 1865 1971 Prima
1887 1914 2085 1970 etiam
2106 1909 2345 1971 dicitur
2364 1910 2446 1970 ad

419 1991 755 2049 veritatem
782 1993 917 2049 κατ’
945 1986 1215 2067 ἄλήθειαν,
1246 1990 1405 2051 dum
1422 1990 1717 2052 secunda
1739 1988 1974 2051 dicitur
1993 1993 2082 2051 ad
2097 1990 2442 2061 hominem,

419 2091 522 2127 κατ
543 2071 555 2090 ’
582 2066 850 2150 ἄνθρωπον
879 2067 984 2149 (l).

505 2148 1006 2210 133—Tandem
1030 2149 1339 2226 quaedam
1365 2149 1557 2210 datur
1580 2149 1777 2210 etiam
1801 2147 2271 2210 demonstratio
2292 2164 2441 2226 quae

419 2225 658 2289 dicitur
686 2245 1017 2306 repressus
1057 2232 1618 2292 demonstrativus:
1654 2231 1749 2290 Fit
1777 2228 2022 2305 duplex
2043 2227 2444 2290 demonstra·

417 2308 506 2367 tio
544 2307 778 2370 iisdem
811 2314 1118 2372 constans
1150 2309 1463 2380 terminiS‚
1508 2326 1636 2388 qua
1680 2309 2141 2387 progredimur
2178 2308 2260 2369 ab
2310 2324 2444 2370 uno

408 2396 670 2465 'genere
726 2391 977 2451 notitiae
1027 2389 1113 2452 ad
1163 2388 1361 2461 aliud,
1413 2389 1631 2451 medio
1687 2388 1987 2449 examine
2034 2388 2440 2462 intellectus;

418 2481 540 2528 seu
571 2473 671 2529 est
717 2485 1068 2545 processus
1113 2471 1181 2530 in
1232 2486 1363 2548 quo
1404 2468 1470 2530 id
1520 2469 1700 2547 quod
1743 2466 1867 2529 fuit
1917 2466 2445 2530 demonstratum

406 2545 484 2605 in
497 2563 627 2608 una
652 2547 1234 2622 demonstratione,
1259 2549 1538 2609 sumitur
1564 2566 1681 2625 pro
1707 2547 2023 2626 principio
2050 2547 2135 2609 ad
2163 2549 2444 2626 proban-

419 2624 570 2687 dam
617 2628 902 2706 aliquam
931 2645 1014 2690 ex
1050 2629 1405 2708 praemissis
1453 2629 1692 2706 quibus
1736 2628 2092 2704 ipsummet
2139 2633 2281 2689 erat
2330 2627 2441 2688 de-

408 2712 847 2769 monstratum
879 2727 893 2768 :
927 2715 1000 2770 ut
1029 2712 1082 2770 si
1115 2709 1256 2787 quis
1288 2712 1637 2786 postquam
1669 2707 2141 2768 demonstravit
2169 2723 2437 2769 omnem

413 2784 751 2848 hominem
775 2804 920 2850 esse
941 2789 1350 2860 rationalem,
1377 2791 1526 2865 quia
1545 2788 1757 2848 omnis
1786 2788 1980 2848 homo
2015 2792 2111 2849 est
2143 2787 2425 2858 risibiIiS,

413 2870 649 2943 postea
674 2868 874 2929 vellet
900 2869 1181 2945 probare
1212 2884 1477 2929 omnem
1526 2867 1860 2928 hominem
1902 2882 2049 2928 esse
2094 2867 2432 2938 risibilem,

409 2946 573 3024 quia
626 2949 837 3009 omnis
885 2949 1081 3012 homo
1111 2951 1213 3010 est
1237 2948 1573 3009 rationalis
1603 2943 1712 3026 (2).

475 3136 544 3199 (1)
572 3138 785 3189 Veteres
804 3138 1177 3204 distinguebant
1199 3139 1350 3189 etiam
1368 3136 1697 3189 ratiocinium
1726 3153 1811 3187 seu
1827 3136 2170 3202 syllogismum
2190 3138 2436 3186 demons-

412 3200 674 3250 trativum
701 3217 730 3250 a
758 3204 924 3264 topice
952 3215 971 3248 .·
998 3200 1427 3251 demonstrativus
1454 3205 1531 3250 est
1557 3200 1641 3249 ille
1669 3199 1756 3262 qui
1781 3205 1923 3251 tecte
1944 3199 2278 3267 concluditovi
2325 3200 2434 3248 for-

404 3273 509 3309 -mae
535 3266 586 3310 et
626 3267 826 3312 constat
866 3265 1171 3326 praemissis
1214 3262 1367 3313 certis
1410 3267 1460 3312 et
1487 3263 1820 3320 evidentibuS‚
1859 3262 1963 3310 sive
2014 3260 2301 3310 immediate
2328 3263 2433 3310 sive

409 3321 660 3385 mediate3
690 3325 888 3389 topicus
914 3340 1031 3374 vero
1058 3323 1142 3373 ille
1168 3329 1245 3375 est
1271 3325 1359 3394 qui
1385 3329 1523 3374 recte
1548 3323 1752 3388 quidem
1773 3322 2032 3373 concludit
2047 3323 2099 3372 vi
2130 3323 2325 3380 formae,
2346 3323 2432 3371 sed

410 3389 612 3435 constat
625 3386 702 3436 vel
722 3386 950 3451 utrisque
975 3386 1248 3451 praemissis
1273 3385 1499 3444 incertis,
1530 3387 1611 3436 vel
1628 3399 1730 3435 una
1747 3385 2005 3448 praemissa
2024 3384 2238 3434 incerta.
2259 3385 2434 3447 Itaque

405 3445 775 3498 demonstratio
794 3446 998 3512 proprie
1015 3448 1150 3498 dicta
1170 3450 1247 3497 est
1265 3466 1292 3494 «
1312 3450 1379 3498 ad
1398 3448 1664 3498 veritatem
1676 3467 1703 3494 »
1726 3446 2054 3511 Syllogismus
2074 3445 2161 3511 qui
2175 3460 2279 3495 non
2294 3451 2432 3495 recte

406 3509 682 3570 concludit,
709 3514 920 3560 vocatur
941 3509 1278 3576 falsigraphus
1295 3525 1386 3560 seu
1412 3509 1730 3575 sophisticus.
1755 3511 1828 3561 De
1852 3510 1933 3558 his
1950 3522 2103 3574 supra
2122 3506 2313 3557 dictum
2334 3513 2427 3566 est,

409 3575 508 3621 art.
536 3572 600 3621 11.
626 3577 678 3622 et
695 3573 740 3623 V
757 3570 1034 3637 superioris
1058 3587 1200 3636 cap„
1228 3573 1309 3622 vel
1334 3572 1468 3621 infra
1496 3571 1695 3622 dicetur
1716 3576 1814 3622 art.
1835 3572 1899 3622 11.
1920 3585 2030 3635 cap.
2060 3572 2084 3621 l
2111 3569 2237 3634 Log,
2263 3571 2429 3620 critic.

52 3649 273 3713 Q
465 3667 536 3750 ’(2)
557 3685 686 3738 vide
713 3685 865 3736 Pont.
895 3684 1027 3750 disp.
1056 3684 1203 3740 XXI.
1227 3683 1284 3738 9.
1314 3683 1474 3748 5;·1>e
1498 3685 1724 3748 Rhodes,
1762 3684 1893 3751 disp.
1922 3683 1991 3736 V.
2017 3699 2067 3736 a.
2096 3683 2273 3746 8‚·ete.
