2650 4242
476 230 592 275 necron
611 229 686 275 nnus
708 234 739 275 n·
1070 218 1127 280 135

105 346 266 425 tinguere
284 347 313 408 1ο
332 343 459 406 iontem
482 345 710 406 immediatum
726 343 889 418 codicum,
914 363 997 425 quos
1021 349 1125 412 habe·

104 442 198 498 mus,
224 427 257 486 2ο
268 422 375 486 fontes
390 427 547 486 mediatos
563 441 604 485 ex
620 426 740 502 quibus
764 425 797 487 hi
811 424 932 488 fontes.
944 428 1128 492 immediati

106 504 287 566 exordium
312 505 448 576 ducunt,
480 507 513 564 et
538 504 674 565 tandem
702 506 732 566 3³
759 503 886 565 fontem
909 510 1126 584 primarium,

105 601 173 646 seu
186 584 297 662 ipsum
311 603 394 663 opus
409 583 552 645 auctoris
566 601 667 645 manu
682 585 813 662 propria
829 589 886 646 aut
907 587 1014 648 aliena
1030 605 1126 652 cons·

109 665 268 741 criptum.
537 677 543 682 ·

151 745 186 805 Si
196 745 298 823 igitur
307 747 395 804 certo
406 745 572 806 constaret
584 741 735 803 codicum
747 741 964 807 conformium
975 752 1128 824 genesim

107 823 156 884 ita
172 839 247 886 esse
262 828 299 884 ut
313 824 376 883 sint
391 820 543 884 codicum
557 823 662 884 series
677 839 747 900 quae
762 824 889 884 nullum
903 823 1029 887 fontem
1043 845 1127 889 com-

107 920 243 964 munem
260 903 403 964 habeant
420 902 484 962 nisi
500 903 716 977 primarium,
742 904 827 965 liber
849 909 887 965 ut
910 904 1128 984 interpolatus
1185 945 1187 950 .

108 983 227 1045 haberi
241 999 310 1046 non
322 987 437 1060 posset
452 1000 459 1040 :
477 979 687 1044 conformitas
703 983 795 1043 cumi
801 999 860 1062 pso
873 987 1015 1047 auctoris
1026 1004 1128 1064 opere

109 1062 272 1125 evaderet
286 1061 433 1123 indubia.

149 1145 220 1204 225.
235 1177 274 1186 -
286 1142 459 1203 lletlrodus
478 1141 566 1202 bene
578 1139 751 1218 judicandi
768 1141 809 1202 de
824 1142 1075 1206 authenticitate
1093 1151 1127 1208 et

108 1222 300 1302 integritate
315 1223 472 1283 librorum
483 1220 602 1281 dicitur
619 1236 672 1280 ars
697 1223 822 1294 critico,
850 1238 869 1283 a
891 1224 993 1286 verbo
1018 1242 1125 1304 greco

108 1326 125 1360 κ
141 1301 202 1377 ivm,
209 1304 336 1380 judice.

126 1327 210 1444 pArs
223 1399 302 1445 vero
317 1381 554 1442 termencutica
568 1383 673 1440 artem
689 1379 825 1442 denotat
838 1396 954 1442 verum
968 1382 1126 1445 librorum

109 1477 247 1524 sensum
263 1458 518 1532 determinandi3
543 1475 607 1519 vox
627 1459 879 1522 hermeneutioa
911 1461 952 1522 ab
974 1465 1124 1544 έρμηνεύω,

109 1541 316 1620 interpretor,
334 1542 466 1618 eruitur.

478 1695 694 1757 ARTlCULUS
720 1697 759 1758 V.

498 1854 535 1907 Dc
557 1855 736 1921 scepticismo.

109 2063 115 2072 ,
148 2005 221 2067 226.
244 2038 284 2049 -
297 2005 343 2064 lix
358 2003 539 2064 enucleatis
555 2007 588 2062 et
602 2003 749 2079 probatis
765 2004 849 2065 circa
863 2001 972 2066 fontes
997 2008 1119 2068 verita-

112 2086 164 2156 lis,
178 2083 340 2163 judicium
353 2081 439 2145 ferre
462 2098 639 2161 possumus
656 2082 697 2144 de
719 2083 940 2161 scepticismo,
958 2088 1012 2164 qui
1039 2088 1125 2150 tueri

110 2169 250 2226 conatur
264 2164 372 2225 omnia
385 2164 451 2224 hac
467 2161 588 2232 media,
612 2163 666 2224 vel
688 2162 843 2241 quaedam
867 2167 995 2241 saltem,
1018 2167 1123 2245 impa-

109 2247 157 2306 ria
173 2260 248 2305 esse
264 2243 306 2304 ad
320 2241 935 2320 veritateminveniendamacproinde
949 2248 1122 2309 contendit

109 2325 193 2386 natu
205 2339 304 2400 posse
321 2328 410 2384 certo
433 2322 600 2401 cognosci,
616 2338 678 2384 seu
693 2320 734 2382 de
746 2324 899 2385 omnibus
925 2341 999 2385 esse
1023 2325 1120 2390 dubi·

112 2403 261 2476 tandum,
284 2404 338 2465 vel
357 2405 392 2465 in
413 2404 502 2465 omni
516 2417 627 2462 rerum
641 2401 756 2463 ordine
778 2404 830 2463 vel
844 2404 878 2462 in
889 2404 1034 2482 quodam
1047 2424 1122 2484 par-

114 2485 255 2548 ticulan.

149 2564 233 2624 Cum
247 2562 384 2623 dubium
398 2577 472 2622 esse
497 2562 602 2638 possit
623 2560 809 2622 universale
834 2560 886 2621 vel
908 2563 1117 2638 particulare,

110 2641 309 2703 fictitiumet
322 2640 582 2721 hypotheticum,
607 2641 660 2701 vel
682 2641 782 2712 reale,
799 2637 1001 2702 definitivum
1023 2645 1121 2705 etab-

111 2724 269 2793 solutum,
291 2722 439 2800 sequitur
453 2719 700 2796 scepticismum
717 2718 817 2781 dividi
831 2735 931 2795 posse
949 2738 955 2780 :

155 2801 183 2862 1⁰
197 2801 472 2880 Rationeohjecti‚
482 2801 516 2860 in
523 2800 744 2861 universalem
753 2800 1119 2876 seuPhyrrhonismum,

112 2883 168 2959 qui
181 2881 287 2942 fertur
308 2882 392 2941 circa
413 2896 528 2940 omnes
542 2880 697 2940 veritates
725 2881 901 2956 omniaque
930 2879 1040 2940 media
1062 2896 1117 2940 co-

111 2960 306 3039 gnoscendi,
324 2977 361 3022 ac
376 2959 514 3038 proinde
528 2975 660 3022 omnem
682 2958 930 3036 possibilitatem
944 2976 1058 3020 verum
1068 2961 1122 3020 in-

111 3041 267 3102 veniendi
281 3041 406 3120 abjicit3
425 3043 458 3100 et
470 3039 504 3098 in
517 3039 760 3116 particularem,
774 3036 981 3115 quimedium
988 3039 1121 3116 aliquod

110 3121 307 3197 particulare
328 3119 553 3198 cognoscendi
573 3117 746 3191 inficiatur,
772 3133 876 3178 unum
901 3122 957 3178 aut
978 3120 1122 3180 alterum

112 3202 286 3263 veritatum
307 3199 456 3263 ordinem
465 3199 627 3260 incertum
645 3214 718 3259 esse
735 3202 910 3260 asseverat.

147 3282 181 3342 2⁰
215 3281 352 3342 Ratione
374 3276 475 3351 modi,
509 3279 543 3338 in
572 3279 759 3339 absolutum
774 3294 834 3338 seu
857 3277 982 3338 realem
1007 3281 1040 3338 et
1064 3277 1122 3357 hy·

111 3357 607 3438 potheticumseumetlrodicum
623 3378 630 3417 :
647 3358 736 3434 prior
747 3358 1120 3434 estsoepticismuspro·

111 3441 177 3518 prie
201 3438 306 3500 dictus
328 3455 389 3499 seu
412 3439 557 3516 practica
578 3438 698 3498 mentis
725 3437 915 3513 suspensio;
956 3436 1123 3498 secundus

111 3536 189 3581 vero
205 3523 256 3580 est
271 3519 429 3580 dubitatio
445 3534 503 3579 eos
518 3521 654 3595 pectens
669 3519 832 3578 utveritas
855 3521 1048 3578 secernatur
1058 3531 1121 3578 seu

113 3615 187 3662 cum
207 3597 403 3662 certitudine
416 3599 613 3662 inveniatur.
630 3598 707 3658 llaeo
723 3597 838 3658 ultima
852 3595 1010 3658 dubitatio
1032 3596 1123 3658 nullo
