2650 4242
142 270 146 278 -
224 232 286 304 ,140
531 248 711 293 enuvlamun
731 249 931 294 ruiuosorma

221 368 334 425 tamen
348 359 557 423 absurditatis
569 367 601 422 et
614 361 807 439 insipientia
837 363 989 443 coargui;
1018 375 1138 422 eorum
1160 373 1233 418 sane

222 441 370 504 doctrina
384 439 541 502 facillime
564 443 667 501 everti
681 448 800 518 potest.

218 585 332 648 233.-
346 585 455 644 Tarsis
470 583 507 642 ll.
525 581 719 644 defoecatis
733 583 891 644 dubitatio
917 582 1050 659 physice
1065 583 1234 655 rcpupool.

261 725 434 785 Probatur.
459 722 596 800 Physica
624 729 789 802 repugnat
812 728 850 785 ut
877 724 950 802 quis
977 726 1133 784 naturam
1148 735 1236 780 suam

222 806 340 876 exuat3
356 804 447 880 atqui
460 802 654 863 universalis
670 802 827 865 dubitatio
842 805 944 883 ipsius
969 807 1093 864 natura
1121 800 1234 875 depul-

223 884 351 945 sionem
364 885 568 958 importaret.
583 883 680 960 Ergo.

263 964 365 1042 Major
378 978 446 1021 non
470 969 548 1040 eget
574 963 779 1040 probatione,
794 977 871 1023 nam
886 963 1021 1024 evidens
1038 964 1100 1029 est,
1123 977 1157 1020 r.
1174 975 1234 1038 gr,

224 1058 302 1104 eum
317 1044 371 1119 qui
386 1057 485 1101 sensu
499 1041 614 1118 pollet,
630 1039 735 1121 frigus
751 1047 783 1103 et
798 1043 943 1104 calorem
957 1059 1025 1104 non
1044 1056 1148 1119 posse
1173 1041 1236 1100 suis

225 1121 429 1199 temporibus
443 1135 510 1181 non
524 1124 658 1182 sentire.

264 1205 313 1262 Ad
331 1216 490 1261 merorem
500 1222 510 1260 .·
525 1200 619 1275 Quod
633 1199 858 1278 scepticismus
872 1202 1065 1264 universalis
1088 1205 1237 1262 naturam

224 1297 347 1343 exuere
361 1281 449 1352 velit,
466 1295 533 1340 non
542 1281 649 1342 minus
664 1279 801 1343 evidens
817 1286 867 1341 est
883 1301 890 1342 :
904 1283 1017 1354 Homo,
1032 1298 1107 1343 cum
1118 1279 1237 1340 haheat

223 1359 396 1422 facultates
408 1360 642 1438 cognoscendi,
659 1377 727 1422 non
741 1364 851 1438 potest
865 1361 1011 1440 abjicere
1026 1375 1166 1422 omnem
1186 1375 1236 1418 co-

223 1441 407 1582 gnitionem
422 1446 556 1511 certam,
571 1456 647 1500 nam
677 1439 763 1501 idem
791 1445 879 1501 esset
899 1457 937 1502 ac
961 1441 1111 1520 abjicere
1135 1440 1237 1517 ipsam

238 1521 428 1590 acullatem3
451 1517 588 1579 facultas
603 1522 692 1582 enim
704 1521 928 1598 cognoscendi
946 1535 1116 1598 nunquam
1146 1534 1237 1579 suum

224 1598 368 1662 officium
381 1600 528 1661 veritatis
543 1598 758 1676 assequendae
774 1599 979 1678 adimpleret.

263 1682 347 1758 Ergo
363 1678 555 1740 universalis
570 1679 725 1740 dubitatio
741 1679 879 1758 physice
894 1682 1068 1760 repugnat.

264 1760 419 1821 Praeterea
435 1759 571 1835 sceptici
585 1760 787 1820 universales
803 1775 861 1819 seu
876 1760 1064 1838 pyrrhonici
1085 1758 1150 1818 sibl
1169 1773 1237 1833 per-

222 1844 322 1916 petuo
340 1843 373 1898 et
389 1844 501 1915 aperte
518 1839 768 1899 contradicunt:
784 1839 836 1898 isti
852 1841 940 1900 enim
958 1841 1111 1900 homines
1126 1838 1236 1898 usibus

223 1919 295 1979 vitae
309 1919 402 1978 sicuti
418 1918 595 1997 dogmatici
610 1936 646 1979 se
661 1922 806 1998 gerunt:
823 1935 852 1978 v.
876 1936 927 1998 gr,
952 1921 1024 1981 cibo
1034 1917 1236 1984 reficiuntur,

222 1999 370 2074 pericula
390 1999 503 2064 vitant,
529 2003 713 2059 contractus
741 1997 920 2060 realitatem
950 1999 1139 2070 admittunt,
1176 2002 1233 2057 etc.

223 2079 308 2156 Ergo
323 2079 357 2138 in
386 2076 476 2138 omni
501 2076 572 2138 vitae
594 2077 710 2139 ordine
732 2078 828 2138 sicuti
853 2077 1025 2157 dogmatici
1047 2095 1084 2138 se
1111 2080 1235 2156 gerunt,

224 2157 303 2220 dum
316 2159 350 2218 in
365 2157 480 2218 ordine
496 2158 695 2233 speculativo
713 2156 754 2218 de
769 2159 921 2219 omnibus
938 2159 1097 2221 dubitant.

220 2289 292 2354 234.
310 2323 348 2332 -
361 2291 469 2351 Taus1s
484 2290 535 2350 lll.
555 2290 919 2352 Universolc‘sdobc'totc'o
935 2295 1140 2354 intrinsecam
1165 2306 1235 2351 con·

264 2370 487 2430 trodfoto'oncm
501 2369 647 2430 includit.

261 2511 437 2572 Probatur.
455 2511 688 2588 Scepticismus
699 2511 892 2573 universalis
908 2511 941 2569 in
956 2513 1082 2586 patenti
1113 2514 1235 2572 contra-

224 2591 365 2653 dictione
380 2595 530 2652 versatur
546 2592 574 2650 i⁰
590 2606 631 2650 ex
646 2607 686 2652 eo
702 2590 793 2670 quod
802 2593 911 2667 praxis
927 2591 1086 2652 theoriam
1100 2591 1233 2669 respuit,

222 2673 256 2732 2⁰
284 2687 325 2730 ex
354 2687 392 2731 eo
422 2671 512 2747 quod
539 2670 792 2749 dogmatismum
806 2675 1003 2748 impugnare
1018 2671 1143 2749 nequit,
1161 2673 1235 2749 quin

179 2751 182 2758 “
225 2749 479 2828 dogmatismum
494 2748 644 2810 affirmet.
660 2751 758 2828 Ergo.
811 2813 812 2816 ,

266 2833 295 2890 l⁰
316 2831 370 2891 Est
384 2836 500 2906 patens
523 2830 736 2892 contradictio
752 2832 837 2890 inter
858 2831 985 2906 praxim
1006 2832 1038 2888 et
1067 2827 1233 2900 theoriam,

223 2913 261 2971 ut
276 2913 458 2970 constater
473 2914 569 2970 antea
592 2909 686 2970 dictis
702 2908 796 2986 (233).
815 2907 906 2970 Unde
919 2909 1048 2984 pbpstce
1061 2911 1234 2986 repugnat.

263 2989 295 3048 2‘
322 2989 442 3066 Nequit
464 2991 691 3066 scepticismus
716 2987 869 3049 affirmari
903 2989 980 3065 quin
1003 2988 1234 3066 dogmatismus

224 3066 423 3129 adstruatur.
441 3070 553 3146 ltaque
568 3069 783 3145 ntetopbysc'ce
797 3072 973 3146 repugnat.

264 3148 402 3220 Etenim,
423 3151 452 3209 l⁰
471 3151 645 3225 scepticum
676 3149 730 3225 qui
752 3148 850 3210 docet
863 3150 897 3209 in
913 3146 1064 3209 omnibus
1078 3150 1234 3208 rationem

224 3242 300 3288 esse
327 3225 491 3301 fallacem,
516 3230 549 3289 in
572 3229 658 3288 hanc
682 3229 932 3305 persuasionem
957 3225 1113 3288 devenire
1128 3228 1235 3304 nequit

223 3305 286 3368 nisi
302 3322 343 3368 ex
352 3307 486 3368 rationis
500 3325 562 3368 usu
579 3327 586 3368 :
604 3324 646 3368 ex
660 3323 825 3384 perpensa
842 3309 929 3368 enim
943 3303 1083 3367 falsitate
1106 3306 1233 3384 dogma-

225 3387 312 3525 ὶίβιῗί
326 3387 443 3465 aliquis
459 3403 495 3448 se
510 3391 694 3465 scepticum
707 3385 889 3465 profitetur,
913 3385 1081 3447 etidcirco
1097 3390 1128 3449 vi
1143 3385 1233 3446 ratio-

225 3482 277 3527 cm
291 3484 311 3527 1.
640 3488 643 3493 ·

265 3547 298 3606 2⁰
325 3548 410 3606 Dum
438 3544 574 3606 dubium
597 3544 746 3615 affirmat,
763 3561 897 3622 semper
911 3561 969 3622 pro
985 3561 1063 3607 vera
1079 3549 1113 3607 et
1127 3548 1232 3608 incon-

227 3639 322 3687 cussa
355 3629 447 3686 tenet
476 3627 643 3686 vamtatem
682 3625 784 3701 dubit,
824 3639 946 3703 nempe
981 3625 1231 3703 propositionem
