<?xml version="1.0" encoding="UTF-8"?>
<!DOCTYPE html PUBLIC "-//W3C//DTD XHTML 1.0 Transitional//EN"
    "http://www.w3.org/TR/xhtml1/DTD/xhtml1-transitional.dtd">
<html xmlns="http://www.w3.org/1999/xhtml" xml:lang="en" lang="en">
 <head>
  <title>
</title>
<meta http-equiv="Content-Type" content="text/html;charset=utf-8" />
  <meta name='ocr-system' content='tesseract 3.04.00' />
  <meta name='ocr-capabilities' content='ocr_page ocr_carea ocr_par ocr_line ocrx_word'/>
</head>
<body>
  <div class='ocr_page' id='page_1' title='image "./brevariumphilos01grangoog_0041.png"; bbox 0 0 2650 4242; ppageno 0'>
   <div class='ocr_carea' id='block_1_1' title="bbox 16 429 19 514">
    <p class='ocr_par' dir='ltr' id='par_1_1' title="bbox 16 429 19 514">
     <span class='ocr_line' id='line_1_1' title="bbox 16 429 19 514; baseline 0 0"><span class='ocrx_word' id='word_1_1' title='bbox 16 429 19 514; x_wconf 78' lang='lat' dir='ltr'>t</span> 
     </span>
    </p>
   </div>
   <div class='ocr_carea' id='block_1_2' title="bbox 501 262 1137 322">
    <p class='ocr_par' dir='ltr' id='par_1_2' title="bbox 501 262 1137 322">
     <span class='ocr_line' id='line_1_2' title="bbox 501 262 1137 322; baseline 0.003 -2"><span class='ocrx_word' id='word_1_2' title='bbox 501 277 618 322; x_wconf 74' lang='lat' dir='ltr'>Locroe</span> <span class='ocrx_word' id='word_1_3' title='bbox 641 276 713 322; x_wconf 74' lang='lat' dir='ltr'>rans</span> <span class='ocrx_word' id='word_1_4' title='bbox 735 282 754 322; x_wconf 89' lang='lat'>1.</span> <span class='ocrx_word' id='word_1_5' title='bbox 1097 262 1137 322; x_wconf 73' lang='lat'>23</span> 
     </span>
    </p>
   </div>
   <div class='ocr_carea' id='block_1_3' title="bbox 142 420 1107 492">
    <p class='ocr_par' dir='ltr' id='par_1_3' title="bbox 142 420 1107 492">
     <span class='ocr_line' id='line_1_3' title="bbox 142 420 1107 492; baseline 0.004 -19"><span class='ocrx_word' id='word_1_6' title='bbox 142 421 188 474; x_wconf 88' lang='lat' dir='ltr'>tlt.</span> <span class='ocrx_word' id='word_1_7' title='bbox 206 422 245 475; x_wconf 87' lang='lat' dir='ltr'>De</span> <span class='ocrx_word' id='word_1_8' title='bbox 260 421 352 475; x_wconf 86' lang='lat' dir='ltr'>variis</span> <span class='ocrx_word' id='word_1_9' title='bbox 366 421 564 476; x_wconf 88' lang='lat' dir='ltr'>terminorum</span> <span class='ocrx_word' id='word_1_10' title='bbox 577 420 811 492; x_wconf 86' lang='lat' dir='ltr'>proprietatibus</span> <span class='ocrx_word' id='word_1_11' title='bbox 827 435 878 476; x_wconf 87' lang='lat' dir='ltr'>seu</span> <span class='ocrx_word' id='word_1_12' title='bbox 894 421 1107 477; x_wconf 79' lang='lat' dir='ltr'>affectionibus.</span> 
     </span>
    </p>
   </div>
   <div class='ocr_carea' id='block_1_4' title="bbox 107 542 1136 2936">
    <p class='ocr_par' dir='ltr' id='par_1_4' title="bbox 110 542 1136 1341">
     <span class='ocr_line' id='line_1_4' title="bbox 157 542 1136 614; baseline 0.002 -9"><span class='ocrx_word' id='word_1_13' title='bbox 157 545 209 605; x_wconf 87' lang='lat'>31.</span> <span class='ocrx_word' id='word_1_14' title='bbox 227 543 432 614; x_wconf 82' lang='lat' dir='ltr'>-Termini,</span> <span class='ocrx_word' id='word_1_15' title='bbox 449 560 516 605; x_wconf 94' lang='lat' dir='ltr'>non</span> <span class='ocrx_word' id='word_1_16' title='bbox 539 543 766 606; x_wconf 92' lang='lat' dir='ltr'>tantummodo</span> <span class='ocrx_word' id='word_1_17' title='bbox 788 542 988 604; x_wconf 89' lang='lat' dir='ltr'>considerari</span> <span class='ocrx_word' id='word_1_18' title='bbox 1011 543 1136 607; x_wconf 88' lang='lat' dir='ltr'>debent</span> 
     </span>
     <span class='ocr_line' id='line_1_5' title="bbox 113 621 1134 701; baseline 0.004 -19"><span class='ocrx_word' id='word_1_19' title='bbox 113 628 217 694; x_wconf 90' lang='lat' dir='ltr'>prout</span> <span class='ocrx_word' id='word_1_20' title='bbox 241 625 377 686; x_wconf 88' lang='lat' dir='ltr'>seorsim</span> <span class='ocrx_word' id='word_1_21' title='bbox 409 628 595 697; x_wconf 88' lang='lat' dir='ltr'>sumuntur,</span> <span class='ocrx_word' id='word_1_22' title='bbox 629 640 667 684; x_wconf 88' lang='lat' dir='ltr'>ac</span> <span class='ocrx_word' id='word_1_23' title='bbox 694 623 865 700; x_wconf 80' lang='lat' dir='ltr'>multiplici</span> <span class='ocrx_word' id='word_1_24' title='bbox 896 621 1134 701; x_wconf 79' lang='lat' dir='ltr'>significatione</span> 
     </span>
     <span class='ocr_line' id='line_1_6' title="bbox 112 699 1134 781; baseline 0.004 -21"><span class='ocrx_word' id='word_1_25' title='bbox 112 699 281 776; x_wconf 82' lang='lat' dir='ltr'>fruuntur,</span> <span class='ocrx_word' id='word_1_26' title='bbox 309 702 370 765; x_wconf 90' lang='lat' dir='ltr'>sed</span> <span class='ocrx_word' id='word_1_27' title='bbox 393 703 491 765; x_wconf 90' lang='lat' dir='ltr'>etiam</span> <span class='ocrx_word' id='word_1_28' title='bbox 512 720 581 781; x_wconf 89' lang='lat' dir='ltr'>prae</span> <span class='ocrx_word' id='word_1_29' title='bbox 603 720 705 766; x_wconf 90' lang='lat' dir='ltr'>sensu</span> <span class='ocrx_word' id='word_1_30' title='bbox 723 705 776 764; x_wconf 90' lang='lat' dir='ltr'>illo</span> <span class='ocrx_word' id='word_1_31' title='bbox 796 706 1008 766; x_wconf 78' lang='lat' dir='ltr'>determinato</span> <span class='ocrx_word' id='word_1_32' title='bbox 1034 720 1134 781; x_wconf 85' lang='lat' dir='ltr'>quern</span> 
     </span>
     <span class='ocr_line' id='line_1_7' title="bbox 112 781 1133 862; baseline 0.003 -21"><span class='ocrx_word' id='word_1_33' title='bbox 112 781 243 845; x_wconf 88' lang='lat' dir='ltr'>habent</span> <span class='ocrx_word' id='word_1_34' title='bbox 257 799 298 843; x_wconf 82' lang='lat' dir='ltr'>ex</span> <span class='ocrx_word' id='word_1_35' title='bbox 318 787 390 861; x_wconf 92' lang='lat' dir='ltr'>ipsa</span> <span class='ocrx_word' id='word_1_36' title='bbox 411 785 637 861; x_wconf 81' lang='lat' dir='ltr'>propositione</span> <span class='ocrx_word' id='word_1_37' title='bbox 650 785 687 845; x_wconf 90' lang='lat' dir='ltr'>in.</span> <span class='ocrx_word' id='word_1_38' title='bbox 701 800 766 862; x_wconf 89' lang='lat' dir='ltr'>qua</span> <span class='ocrx_word' id='word_1_39' title='bbox 786 784 945 853; x_wconf 82' lang='lat' dir='ltr'>existunt;</span> <span class='ocrx_word' id='word_1_40' title='bbox 969 785 1133 861; x_wconf 86' lang='lat' dir='ltr'>genuinus</span> 
     </span>
     <span class='ocr_line' id='line_1_8' title="bbox 113 862 1133 926; baseline 0.003 -4"><span class='ocrx_word' id='word_1_41' title='bbox 113 862 208 922; x_wconf 90' lang='lat' dir='ltr'>enim</span> <span class='ocrx_word' id='word_1_42' title='bbox 228 864 462 925; x_wconf 84' lang='lat' dir='ltr'>vocabulorum</span> <span class='ocrx_word' id='word_1_43' title='bbox 484 881 602 926; x_wconf 88' lang='lat' dir='ltr'>sensus</span> <span class='ocrx_word' id='word_1_44' title='bbox 632 868 790 924; x_wconf 82' lang='lat' dir='ltr'>contextu</span> <span class='ocrx_word' id='word_1_45' title='bbox 809 865 944 925; x_wconf 88' lang='lat' dir='ltr'>humani</span> <span class='ocrx_word' id='word_1_46' title='bbox 972 866 1133 925; x_wconf 89' lang='lat' dir='ltr'>sermonis</span> 
     </span>
     <span class='ocr_line' id='line_1_9' title="bbox 113 941 1133 1021; baseline 0.001 -19"><span class='ocrx_word' id='word_1_47' title='bbox 113 941 274 1004; x_wconf 88' lang='lat' dir='ltr'>definitur</span> <span class='ocrx_word' id='word_1_48' title='bbox 289 946 322 1004; x_wconf 90' lang='lat' dir='ltr'>et</span> <span class='ocrx_word' id='word_1_49' title='bbox 342 945 585 1021; x_wconf 89' lang='lat' dir='ltr'>interpretatur.</span> <span class='ocrx_word' id='word_1_50' title='bbox 607 943 705 1004; x_wconf 90' lang='lat' dir='ltr'>Porro</span> <span class='ocrx_word' id='word_1_51' title='bbox 730 943 871 1015; x_wconf 92' lang='lat' dir='ltr'>termini,</span> <span class='ocrx_word' id='word_1_52' title='bbox 897 945 957 1004; x_wconf 88' lang='lat' dir='ltr'>sub</span> <span class='ocrx_word' id='word_1_53' title='bbox 978 944 1042 1003; x_wconf 91' lang='lat' dir='ltr'>hoo</span> <span class='ocrx_word' id='word_1_54' title='bbox 1060 959 1133 1004; x_wconf 89' lang='lat' dir='ltr'>res-</span> 
     </span>
     <span class='ocr_line' id='line_1_10' title="bbox 112 1023 1130 1100; baseline 0.002 -18"><span class='ocrx_word' id='word_1_55' title='bbox 112 1027 220 1098; x_wconf 90' lang='lat' dir='ltr'>pectu</span> <span class='ocrx_word' id='word_1_56' title='bbox 254 1023 459 1096; x_wconf 86' lang='lat' dir='ltr'>considerati,</span> <span class='ocrx_word' id='word_1_57' title='bbox 489 1024 664 1086; x_wconf 91' lang='lat' dir='ltr'>nonnullas</span> <span class='ocrx_word' id='word_1_58' title='bbox 687 1025 868 1083; x_wconf 85' lang='lat' dir='ltr'>sortiuntur</span> <span class='ocrx_word' id='word_1_59' title='bbox 899 1023 1130 1100; x_wconf 85' lang='lat' dir='ltr'>proprietates.</span> 
     </span>
     <span class='ocr_line' id='line_1_11' title="bbox 113 1101 1133 1175; baseline 0.002 -13"><span class='ocrx_word' id='word_1_60' title='bbox 113 1103 190 1163; x_wconf 85' lang='lat' dir='ltr'>lstae</span> <span class='ocrx_word' id='word_1_61' title='bbox 207 1101 409 1175; x_wconf 73' lang='lat' dir='ltr'>affectiones</span> <span class='ocrx_word' id='word_1_62' title='bbox 427 1105 555 1166; x_wconf 88' lang='lat' dir='ltr'>omissis</span> <span class='ocrx_word' id='word_1_63' title='bbox 569 1104 738 1164; x_wconf 89' lang='lat' dir='ltr'>inutilibus</span> <span class='ocrx_word' id='word_1_64' title='bbox 754 1109 786 1164; x_wconf 91' lang='lat' dir='ltr'>et</span> <span class='ocrx_word' id='word_1_65' title='bbox 800 1103 840 1163; x_wconf 89' lang='lat' dir='ltr'>ab</span> <span class='ocrx_word' id='word_1_66' title='bbox 854 1119 918 1163; x_wconf 90' lang='lat' dir='ltr'>usu</span> <span class='ocrx_word' id='word_1_67' title='bbox 928 1103 1073 1174; x_wconf 89' lang='lat' dir='ltr'>remotis,</span> <span class='ocrx_word' id='word_1_68' title='bbox 1089 1102 1133 1164; x_wconf 89' lang='lat' dir='ltr'>ad</span> 
     </span>
     <span class='ocr_line' id='line_1_12' title="bbox 112 1183 1128 1261; baseline 0 -18"><span class='ocrx_word' id='word_1_69' title='bbox 112 1187 260 1259; x_wconf 88' lang='lat' dir='ltr'>quatuor</span> <span class='ocrx_word' id='word_1_70' title='bbox 280 1185 427 1246; x_wconf 90' lang='lat' dir='ltr'>revocari</span> <span class='ocrx_word' id='word_1_71' title='bbox 452 1184 560 1246; x_wconf 93' lang='lat' dir='ltr'>solent</span> <span class='ocrx_word' id='word_1_72' title='bbox 579 1201 598 1244; x_wconf 92' lang='lat' dir='ltr'>a</span> <span class='ocrx_word' id='word_1_73' title='bbox 614 1183 806 1255; x_wconf 74' lang='lat' dir='ltr'>dialecticis</span> <span class='ocrx_word' id='word_1_74' title='bbox 831 1198 906 1261; x_wconf 87' lang='lat' dir='ltr'>quae</span> <span class='ocrx_word' id='word_1_75' title='bbox 932 1189 1009 1244; x_wconf 88' lang='lat' dir='ltr'>sunt</span> <span class='ocrx_word' id='word_1_76' title='bbox 1026 1202 1033 1243; x_wconf 75' lang='grc' dir='ltr'>ε</span> <span class='ocrx_word' id='word_1_77' title='bbox 1050 1199 1128 1261; x_wconf 85' lang='lat' dir='ltr'>sup·</span> 
     </span>
     <span class='ocr_line' id='line_1_13' title="bbox 110 1263 911 1341; baseline 0.001 -18"><span class='ocrx_word' id='word_1_78' title='bbox 110 1263 246 1338; x_wconf 91' lang='lat' dir='ltr'>positio,</span> <span class='ocrx_word' id='word_1_79' title='bbox 270 1264 449 1341; x_wconf 88' lang='lat' dir='ltr'>ampliatio,</span> <span class='ocrx_word' id='word_1_80' title='bbox 465 1263 638 1333; x_wconf 73' lang='lat' dir='ltr'>restrictio,</span> <span class='ocrx_word' id='word_1_81' title='bbox 656 1270 689 1322; x_wconf 91' lang='lat' dir='ltr'>et</span> <span class='ocrx_word' id='word_1_82' title='bbox 703 1263 879 1340; x_wconf 79' lang='lat' dir='ltr'>appellatio</span> <span class='ocrx_word' id='word_1_83' title='bbox 904 1283 911 1324; x_wconf 76' lang='grc' dir='ltr'>ε</span> 
     </span>
    </p>

    <p class='ocr_par' dir='ltr' id='par_1_5' title="bbox 109 1342 1131 1643">
     <span class='ocr_line' id='line_1_14' title="bbox 154 1342 1131 1421; baseline 0.002 -19"><span class='ocrx_word' id='word_1_84' title='bbox 154 1343 176 1403; x_wconf 90' lang='lat' dir='ltr'>l.</span> <span class='ocrx_word' id='word_1_85' title='bbox 205 1345 401 1418; x_wconf 74' lang='lat' dir='ltr'>suppositio,</span> <span class='ocrx_word' id='word_1_86' title='bbox 435 1358 509 1420; x_wconf 87' lang='lat' dir='ltr'>quae</span> <span class='ocrx_word' id='word_1_87' title='bbox 537 1343 722 1421; x_wconf 84' lang='lat' dir='ltr'>generatim</span> <span class='ocrx_word' id='word_1_88' title='bbox 746 1349 797 1403; x_wconf 89' lang='lat' dir='ltr'>est</span> <span class='ocrx_word' id='word_1_89' title='bbox 817 1343 934 1420; x_wconf 90' lang='lat' dir='ltr'>positio</span> <span class='ocrx_word' id='word_1_90' title='bbox 961 1342 1059 1403; x_wconf 91' lang='lat' dir='ltr'>unius</span> <span class='ocrx_word' id='word_1_91' title='bbox 1081 1342 1131 1404; x_wconf 91' lang='lat' dir='ltr'>rei</span> 
     </span>
     <span class='ocr_line' id='line_1_15' title="bbox 109 1422 1130 1501; baseline 0.003 -20"><span class='ocrx_word' id='word_1_92' title='bbox 109 1422 186 1482; x_wconf 89' lang='lat' dir='ltr'>loco</span> <span class='ocrx_word' id='word_1_93' title='bbox 203 1423 346 1490; x_wconf 88' lang='lat' dir='ltr'>alterius,</span> <span class='ocrx_word' id='word_1_94' title='bbox 371 1428 470 1501; x_wconf 89' lang='lat' dir='ltr'>prout</span> <span class='ocrx_word' id='word_1_95' title='bbox 485 1424 631 1484; x_wconf 90' lang='lat' dir='ltr'>terminis</span> <span class='ocrx_word' id='word_1_96' title='bbox 649 1426 812 1497; x_wconf 87' lang='lat' dir='ltr'>competit,</span> <span class='ocrx_word' id='word_1_97' title='bbox 829 1427 880 1483; x_wconf 90' lang='lat' dir='ltr'>est</span> <span class='ocrx_word' id='word_1_98' title='bbox 898 1439 979 1483; x_wconf 90' lang='lat' dir='ltr'>usus</span> <span class='ocrx_word' id='word_1_99' title='bbox 1001 1423 1130 1494; x_wconf 85' lang='lat' dir='ltr'>termini</span> 
     </span>
     <span class='ocr_line' id='line_1_16' title="bbox 109 1501 1129 1642; baseline 0.001 -81"><span class='ocrx_word' id='word_1_100' title='bbox 109 1518 173 1642; x_wconf 65' lang='lat' dir='ltr'>pfrro</span> <span class='ocrx_word' id='word_1_101' title='bbox 190 1503 295 1641; x_wconf 57' lang='grc' dir='ltr'><strong>εθΓνεΙ</strong></span> <span class='ocrx_word' id='word_1_102' title='bbox 316 1520 375 1580; x_wconf 94' lang='lat' dir='ltr'>pro</span> <span class='ocrx_word' id='word_1_103' title='bbox 402 1520 462 1566; x_wconf 91' lang='lat' dir='ltr'>suo</span> <span class='ocrx_word' id='word_1_104' title='bbox 485 1502 680 1582; x_wconf 83' lang='lat' dir='ltr'>significato.</span> <span class='ocrx_word' id='word_1_105' title='bbox 703 1505 758 1564; x_wconf 86' lang='lat' dir='ltr'>Est</span> <span class='ocrx_word' id='word_1_106' title='bbox 786 1504 839 1563; x_wconf 90' lang='lat' dir='ltr'>vel</span> <span class='ocrx_word' id='word_1_107' title='bbox 859 1503 1048 1575; x_wconf 88' lang='lat' dir='ltr'>materialis,</span> <span class='ocrx_word' id='word_1_108' title='bbox 1075 1501 1129 1564; x_wconf 91' lang='lat' dir='ltr'>vel</span> 
     </span>
     <span class='ocr_line' id='line_1_17' title="bbox 126 1597 273 1643; baseline 0.007 -1"><span class='ocrx_word' id='word_1_109' title='bbox 126 1597 219 1642; x_wconf 86' lang='lat' dir='ltr'>orma</span> <span class='ocrx_word' id='word_1_110' title='bbox 234 1599 273 1643; x_wconf 83' lang='lat' dir='ltr'>rs.</span> 
     </span>
    </p>

    <p class='ocr_par' dir='ltr' id='par_1_6' title="bbox 108 1659 1128 1899">
     <span class='ocr_line' id='line_1_18' title="bbox 155 1659 1125 1740; baseline 0 -17"><span class='ocrx_word' id='word_1_111' title='bbox 155 1662 380 1740; x_wconf 84' lang='lat' dir='ltr'>l⁰Suppositi0</span> <span class='ocrx_word' id='word_1_112' title='bbox 396 1659 514 1723; x_wconf 90' lang='lat' dir='ltr'>dicitur</span> <span class='ocrx_word' id='word_1_113' title='bbox 531 1660 726 1734; x_wconf 78' lang='lat' dir='ltr'>materialis,</span> <span class='ocrx_word' id='word_1_114' title='bbox 747 1661 880 1739; x_wconf 86' lang='lat' dir='ltr'>quando</span> <span class='ocrx_word' id='word_1_115' title='bbox 900 1663 991 1739; x_wconf 89' lang='lat' dir='ltr'>ponit</span> <span class='ocrx_word' id='word_1_116' title='bbox 1010 1663 1125 1723; x_wconf 90' lang='lat' dir='ltr'>termi-</span> 
     </span>
     <span class='ocr_line' id='line_1_19' title="bbox 108 1743 1128 1821; baseline 0.011 -25"><span class='ocrx_word' id='word_1_117' title='bbox 108 1752 193 1802; x_wconf 91' lang='lat' dir='ltr'>num</span> <span class='ocrx_word' id='word_1_118' title='bbox 204 1758 264 1818; x_wconf 90' lang='lat' dir='ltr'>pro</span> <span class='ocrx_word' id='word_1_119' title='bbox 280 1744 389 1818; x_wconf 90' lang='lat' dir='ltr'>seipso</span> <span class='ocrx_word' id='word_1_120' title='bbox 401 1757 462 1802; x_wconf 87' lang='lat' dir='ltr'>seu</span> <span class='ocrx_word' id='word_1_121' title='bbox 473 1758 532 1819; x_wconf 93' lang='lat' dir='ltr'>pro</span> <span class='ocrx_word' id='word_1_122' title='bbox 548 1744 620 1820; x_wconf 88' lang='lat' dir='ltr'>ipsa</span> <span class='ocrx_word' id='word_1_123' title='bbox 633 1745 769 1804; x_wconf 90' lang='lat' dir='ltr'>materia</span> <span class='ocrx_word' id='word_1_124' title='bbox 780 1743 895 1803; x_wconf 89' lang='lat' dir='ltr'>vocali:</span> <span class='ocrx_word' id='word_1_125' title='bbox 906 1760 936 1804; x_wconf 92' lang='lat' dir='ltr'>v.</span> <span class='ocrx_word' id='word_1_126' title='bbox 950 1743 1128 1821; x_wconf 82' lang='lat' dir='ltr'>gr.‚ho1no</span> 
     </span>
     <span class='ocr_line' id='line_1_20' title="bbox 111 1823 714 1899; baseline 0.002 -17"><span class='ocrx_word' id='word_1_127' title='bbox 111 1825 165 1882; x_wconf 88' lang='lat' dir='ltr'>est</span> <span class='ocrx_word' id='word_1_128' title='bbox 177 1838 242 1884; x_wconf 83' lang='lat' dir='ltr'>vox</span> <span class='ocrx_word' id='word_1_129' title='bbox 264 1828 405 1899; x_wconf 87' lang='lat' dir='ltr'>quatuor</span> <span class='ocrx_word' id='word_1_130' title='bbox 420 1827 574 1884; x_wconf 81' lang='lat' dir='ltr'>constans</span> <span class='ocrx_word' id='word_1_131' title='bbox 587 1823 714 1884; x_wconf 88' lang='lat' dir='ltr'>litteris.</span> 
     </span>
    </p>

    <p class='ocr_par' dir='ltr' id='par_1_7' title="bbox 108 1900 1129 2217">
     <span class='ocr_line' id='line_1_21' title="bbox 152 1900 1129 1980; baseline 0.001 -17"><span class='ocrx_word' id='word_1_132' title='bbox 152 1903 186 1963; x_wconf 77' lang='lat'>2⁰</span> <span class='ocrx_word' id='word_1_133' title='bbox 199 1901 338 1978; x_wconf 85' lang='lat' dir='ltr'>Supposi</span> <span class='ocrx_word' id='word_1_134' title='bbox 344 1903 385 1962; x_wconf 89' lang='lat' dir='ltr'>tio</span> <span class='ocrx_word' id='word_1_135' title='bbox 401 1900 520 1964; x_wconf 90' lang='lat' dir='ltr'>dicitur</span> <span class='ocrx_word' id='word_1_136' title='bbox 532 1901 696 1978; x_wconf 77' lang='lat' dir='ltr'>formalis,</span> <span class='ocrx_word' id='word_1_137' title='bbox 710 1901 842 1980; x_wconf 84' lang='lat' dir='ltr'>quando</span> <span class='ocrx_word' id='word_1_138' title='bbox 868 1901 1046 1963; x_wconf 90' lang='lat' dir='ltr'>terminum</span> <span class='ocrx_word' id='word_1_139' title='bbox 1066 1918 1129 1979; x_wconf 88' lang='lat' dir='ltr'>po-</span> 
     </span>
     <span class='ocr_line' id='line_1_22' title="bbox 109 1980 1128 2060; baseline 0.002 -18"><span class='ocrx_word' id='word_1_140' title='bbox 109 1981 242 2043; x_wconf 90' lang='lat' dir='ltr'>nitloco</span> <span class='ocrx_word' id='word_1_141' title='bbox 265 1983 315 2041; x_wconf 89' lang='lat' dir='ltr'>sui</span> <span class='ocrx_word' id='word_1_142' title='bbox 330 1980 512 2059; x_wconf 85' lang='lat' dir='ltr'>significati,</span> <span class='ocrx_word' id='word_1_143' title='bbox 526 1997 646 2059; x_wconf 90' lang='lat' dir='ltr'>nempe</span> <span class='ocrx_word' id='word_1_144' title='bbox 662 1982 793 2059; x_wconf 79' lang='lat' dir='ltr'>signum</span> <span class='ocrx_word' id='word_1_145' title='bbox 808 1982 1054 2060; x_wconf 82' lang='lat' dir='ltr'>grammaticale</span> <span class='ocrx_word' id='word_1_146' title='bbox 1069 1999 1128 2060; x_wconf 90' lang='lat' dir='ltr'>pro</span> 
     </span>
     <span class='ocr_line' id='line_1_23' title="bbox 108 2059 1128 2141; baseline 0.005 -21"><span class='ocrx_word' id='word_1_147' title='bbox 108 2076 146 2122; x_wconf 94' lang='lat' dir='ltr'>re</span> <span class='ocrx_word' id='word_1_148' title='bbox 167 2059 350 2139; x_wconf 87' lang='lat' dir='ltr'>significata</span> <span class='ocrx_word' id='word_1_149' title='bbox 368 2081 375 2122; x_wconf 91' lang='lat'>:</span> <span class='ocrx_word' id='word_1_150' title='bbox 390 2078 421 2122; x_wconf 87' lang='lat' dir='ltr'>v.</span> <span class='ocrx_word' id='word_1_151' title='bbox 438 2078 503 2141; x_wconf 79' lang='lat' dir='ltr'>gr..</span> <span class='ocrx_word' id='word_1_152' title='bbox 519 2062 617 2124; x_wconf 91' lang='lat' dir='ltr'>homo</span> <span class='ocrx_word' id='word_1_153' title='bbox 634 2068 685 2123; x_wconf 90' lang='lat' dir='ltr'>est</span> <span class='ocrx_word' id='word_1_154' title='bbox 698 2063 817 2123; x_wconf 89' lang='lat' dir='ltr'>animal</span> <span class='ocrx_word' id='word_1_155' title='bbox 830 2063 1009 2134; x_wconf 91' lang='lat' dir='ltr'>rationale;</span> <span class='ocrx_word' id='word_1_156' title='bbox 1027 2062 1128 2140; x_wconf 92' lang='lat' dir='ltr'>philo·</span> 
     </span>
     <span class='ocr_line' id='line_1_24' title="bbox 109 2140 844 2217; baseline 0.003 -17"><span class='ocrx_word' id='word_1_157' title='bbox 109 2140 230 2217; x_wconf 92' lang='lat' dir='ltr'>sophia</span> <span class='ocrx_word' id='word_1_158' title='bbox 244 2145 295 2202; x_wconf 86' lang='lat' dir='ltr'>est</span> <span class='ocrx_word' id='word_1_159' title='bbox 310 2143 447 2203; x_wconf 88' lang='lat' dir='ltr'>scientia</span> <span class='ocrx_word' id='word_1_160' title='bbox 468 2143 656 2204; x_wconf 90' lang='lat' dir='ltr'>ultimarum</span> <span class='ocrx_word' id='word_1_161' title='bbox 670 2142 844 2202; x_wconf 92' lang='lat' dir='ltr'>rationum.</span> 
     </span>
    </p>

    <p class='ocr_par' dir='ltr' id='par_1_8' title="bbox 108 2217 1125 2378">
     <span class='ocr_line' id='line_1_25' title="bbox 151 2217 1125 2298; baseline 0.003 -17"><span class='ocrx_word' id='word_1_162' title='bbox 151 2221 339 2298; x_wconf 88' lang='lat' dir='ltr'>Suppositio</span> <span class='ocrx_word' id='word_1_163' title='bbox 354 2217 507 2283; x_wconf 81' lang='lat' dir='ltr'>&#39;formalis</span> <span class='ocrx_word' id='word_1_164' title='bbox 537 2221 693 2284; x_wconf 85' lang='lat' dir='ltr'>dividitur</span> <span class='ocrx_word' id='word_1_165' title='bbox 712 2222 747 2282; x_wconf 91' lang='lat' dir='ltr'>in</span> <span class='ocrx_word' id='word_1_166' title='bbox 771 2223 948 2283; x_wconf 80' lang='lat' dir='ltr'>reclamet</span> <span class='ocrx_word' id='word_1_167' title='bbox 973 2223 1125 2298; x_wconf 73' lang='lat' dir='ltr'>topicam,</span> 
     </span>
     <span class='ocr_line' id='line_1_26' title="bbox 108 2300 835 2378; baseline 0 -18"><span class='ocrx_word' id='word_1_168' title='bbox 108 2315 188 2378; x_wconf 84' lang='lat' dir='ltr'>quae</span> <span class='ocrx_word' id='word_1_169' title='bbox 210 2317 229 2360; x_wconf 92' lang='lat' dir='ltr'>a</span> <span class='ocrx_word' id='word_1_170' title='bbox 243 2300 413 2361; x_wconf 86' lang='lat' dir='ltr'>veteribus</span> <span class='ocrx_word' id='word_1_171' title='bbox 434 2301 574 2378; x_wconf 85' lang='lat' dir='ltr'>simplex</span> <span class='ocrx_word' id='word_1_172' title='bbox 591 2304 691 2362; x_wconf 88' lang='lat' dir='ltr'>etiam</span> <span class='ocrx_word' id='word_1_173' title='bbox 706 2301 835 2362; x_wconf 90' lang='lat' dir='ltr'>dicitur.</span> 
     </span>
    </p>

    <p class='ocr_par' dir='ltr' id='par_1_9' title="bbox 107 2379 1130 2856">
     <span class='ocr_line' id='line_1_27' title="bbox 151 2379 1128 2458; baseline 0.003 -18"><span class='ocrx_word' id='word_1_174' title='bbox 151 2379 185 2456; x_wconf 85' lang='lat' dir='ltr'>c)</span> <span class='ocrx_word' id='word_1_175' title='bbox 200 2379 387 2457; x_wconf 88' lang='lat' dir='ltr'>Suppositio</span> <span class='ocrx_word' id='word_1_176' title='bbox 402 2382 504 2443; x_wconf 81' lang='lat' dir='ltr'>rectis</span> <span class='ocrx_word' id='word_1_177' title='bbox 518 2387 578 2454; x_wconf 87' lang='lat' dir='ltr'>est,</span> <span class='ocrx_word' id='word_1_178' title='bbox 604 2381 736 2458; x_wconf 85' lang='lat' dir='ltr'>quando</span> <span class='ocrx_word' id='word_1_179' title='bbox 759 2380 935 2442; x_wconf 90' lang='lat' dir='ltr'>terminum</span> <span class='ocrx_word' id='word_1_180' title='bbox 949 2383 1042 2456; x_wconf 91' lang='lat' dir='ltr'>ponit</span> <span class='ocrx_word' id='word_1_181' title='bbox 1055 2382 1128 2443; x_wconf 93' lang='lat' dir='ltr'>loco</span> 
     </span>
     <span class='ocr_line' id='line_1_28' title="bbox 108 2459 1129 2539; baseline 0.005 -21"><span class='ocrx_word' id='word_1_182' title='bbox 108 2461 163 2522; x_wconf 91' lang='lat' dir='ltr'>sui</span> <span class='ocrx_word' id='word_1_183' title='bbox 178 2459 361 2538; x_wconf 82' lang='lat' dir='ltr'>significati,</span> <span class='ocrx_word' id='word_1_184' title='bbox 378 2460 563 2522; x_wconf 89' lang='lat' dir='ltr'>secundum</span> <span class='ocrx_word' id='word_1_185' title='bbox 583 2460 720 2522; x_wconf 90' lang='lat' dir='ltr'>modum</span> <span class='ocrx_word' id='word_1_186' title='bbox 742 2461 903 2522; x_wconf 85' lang='lat' dir='ltr'>existendi</span> <span class='ocrx_word' id='word_1_187' title='bbox 928 2478 1027 2539; x_wconf 88' lang='lat' dir='ltr'>quem</span> <span class='ocrx_word' id='word_1_188' title='bbox 1047 2460 1129 2523; x_wconf 90' lang='lat' dir='ltr'>illud</span> 
     </span>
     <span class='ocr_line' id='line_1_29' title="bbox 107 2539 1130 2620; baseline 0.002 -20"><span class='ocrx_word' id='word_1_189' title='bbox 107 2539 212 2600; x_wconf 86' lang='lat' dir='ltr'>habet</span> <span class='ocrx_word' id='word_1_190' title='bbox 228 2544 317 2600; x_wconf 88' lang='lat' dir='ltr'>extra</span> <span class='ocrx_word' id='word_1_191' title='bbox 333 2545 479 2602; x_wconf 88' lang='lat' dir='ltr'>mentem</span> <span class='ocrx_word' id='word_1_192' title='bbox 505 2561 511 2601; x_wconf 92' lang='lat'>:</span> <span class='ocrx_word' id='word_1_193' title='bbox 538 2559 569 2603; x_wconf 86' lang='lat' dir='ltr'>v.</span> <span class='ocrx_word' id='word_1_194' title='bbox 595 2557 659 2620; x_wconf 71' lang='lat' dir='ltr'>gr„</span> <span class='ocrx_word' id='word_1_195' title='bbox 686 2541 837 2602; x_wconf 84' lang='lat' dir='ltr'>Socrates</span> <span class='ocrx_word' id='word_1_196' title='bbox 863 2545 914 2602; x_wconf 92' lang='lat' dir='ltr'>est</span> <span class='ocrx_word' id='word_1_197' title='bbox 936 2542 1049 2602; x_wconf 90' lang='lat' dir='ltr'>homo.</span> <span class='ocrx_word' id='word_1_198' title='bbox 1075 2543 1130 2603; x_wconf 82' lang='lat' dir='ltr'>Est</span> 
     </span>
     <span class='ocr_line' id='line_1_30' title="bbox 109 2620 1130 2697; baseline 0.002 -17"><span class='ocrx_word' id='word_1_199' title='bbox 109 2635 193 2696; x_wconf 80' lang='lat' dir='ltr'>ergo</span> <span class='ocrx_word' id='word_1_200' title='bbox 210 2624 288 2680; x_wconf 92' lang='lat' dir='ltr'>tunc</span> <span class='ocrx_word' id='word_1_201' title='bbox 310 2635 432 2681; x_wconf 90' lang='lat' dir='ltr'>nomen</span> <span class='ocrx_word' id='word_1_202' title='bbox 446 2621 561 2697; x_wconf 86' lang='lat' dir='ltr'>primae</span> <span class='ocrx_word' id='word_1_203' title='bbox 576 2621 780 2682; x_wconf 80' lang='lat' dir='ltr'>intentionis,</span> <span class='ocrx_word' id='word_1_204' title='bbox 797 2620 895 2681; x_wconf 91' lang='lat' dir='ltr'>Prout</span> <span class='ocrx_word' id='word_1_205' title='bbox 908 2625 1130 2697; x_wconf 87' lang='lat' dir='ltr'>repraesentat</span> 
     </span>
     <span class='ocr_line' id='line_1_31' title="bbox 109 2697 1128 2778; baseline 0.001 -17"><span class='ocrx_word' id='word_1_206' title='bbox 109 2697 293 2771; x_wconf 88' lang='lat' dir='ltr'>individua,</span> <span class='ocrx_word' id='word_1_207' title='bbox 311 2699 430 2761; x_wconf 87' lang='lat' dir='ltr'>dicitur</span> <span class='ocrx_word' id='word_1_208' title='bbox 439 2700 635 2776; x_wconf 76' lang='lat' dir='ltr'>personatis,</span> <span class='ocrx_word' id='word_1_209' title='bbox 654 2717 729 2761; x_wconf 89' lang='lat' dir='ltr'>oum</span> <span class='ocrx_word' id='word_1_210' title='bbox 748 2700 916 2762; x_wconf 89' lang='lat' dir='ltr'>individua</span> <span class='ocrx_word' id='word_1_211' title='bbox 930 2699 1128 2778; x_wconf 86' lang='lat' dir='ltr'>perfectiora</span> 
     </span>
     <span class='ocr_line' id='line_1_32' title="bbox 110 2781 360 2856; baseline -0.008 -16"><span class='ocrx_word' id='word_1_212' title='bbox 110 2781 178 2840; x_wconf 89' lang='lat' dir='ltr'>sint</span> <span class='ocrx_word' id='word_1_213' title='bbox 194 2793 360 2856; x_wconf 85' lang='lat' dir='ltr'>personae.</span> 
     </span>
    </p>

    <p class='ocr_par' dir='ltr' id='par_1_10' title="bbox 152 2857 1127 2936">
     <span class='ocr_line' id='line_1_33' title="bbox 152 2857 1127 2936; baseline 0.004 -18"><span class='ocrx_word' id='word_1_214' title='bbox 152 2860 182 2936; x_wconf 83' lang='lat' dir='ltr'>b)</span> <span class='ocrx_word' id='word_1_215' title='bbox 205 2858 392 2936; x_wconf 88' lang='lat' dir='ltr'>Suppositio</span> <span class='ocrx_word' id='word_1_216' title='bbox 409 2857 517 2934; x_wconf 74' lang='lat' dir='ltr'>topica</span> <span class='ocrx_word' id='word_1_217' title='bbox 537 2876 599 2922; x_wconf 89' lang='lat' dir='ltr'>seu</span> <span class='ocrx_word' id='word_1_218' title='bbox 612 2859 752 2936; x_wconf 85' lang='lat' dir='ltr'>simplex</span> <span class='ocrx_word' id='word_1_219' title='bbox 768 2864 819 2920; x_wconf 90' lang='lat' dir='ltr'>est</span> <span class='ocrx_word' id='word_1_220' title='bbox 833 2860 949 2935; x_wconf 91' lang='lat' dir='ltr'>positio</span> <span class='ocrx_word' id='word_1_221' title='bbox 972 2877 1033 2922; x_wconf 91' lang='lat' dir='ltr'>seu</span> <span class='ocrx_word' id='word_1_222' title='bbox 1046 2877 1127 2922; x_wconf 90' lang='lat' dir='ltr'>usus</span> 
     </span>
    </p>
   </div>
   <div class='ocr_carea' id='block_1_5' title="bbox 110 2937 1213 3017">
    <p class='ocr_par' dir='ltr' id='par_1_11' title="bbox 110 2937 1213 3017">
     <span class='ocr_line' id='line_1_34' title="bbox 110 2937 1213 3017; baseline 0.005 -21"><span class='ocrx_word' id='word_1_223' title='bbox 110 2939 241 3000; x_wconf 89' lang='lat' dir='ltr'>termini</span> <span class='ocrx_word' id='word_1_224' title='bbox 256 2955 314 3015; x_wconf 93' lang='lat' dir='ltr'>pro</span> <span class='ocrx_word' id='word_1_225' title='bbox 337 2955 373 2998; x_wconf 86' lang='lat' dir='ltr'>re</span> <span class='ocrx_word' id='word_1_226' title='bbox 388 2938 583 3017; x_wconf 80' lang='lat' dir='ltr'>significata,</span> <span class='ocrx_word' id='word_1_227' title='bbox 607 2937 668 3000; x_wconf 91' lang='lat' dir='ltr'>sed</span> <span class='ocrx_word' id='word_1_228' title='bbox 690 2939 876 3000; x_wconf 89' lang='lat' dir='ltr'>secundum</span> <span class='ocrx_word' id='word_1_229' title='bbox 890 2938 1025 3001; x_wconf 90' lang='lat' dir='ltr'>modum</span> <span class='ocrx_word' id='word_1_230' title='bbox 1041 2944 1125 3003; x_wconf 77' lang='lat' dir='ltr'>exis·</span> <span class='ocrx_word' id='word_1_231' title='bbox 1210 2947 1213 2951; x_wconf 81' lang='grc'><em>’</em></span> 
     </span>
    </p>
   </div>
   <div class='ocr_carea' id='block_1_6' title="bbox 107 3018 1130 3577">
    <p class='ocr_par' dir='ltr' id='par_1_12' title="bbox 108 3018 1130 3240">
     <span class='ocr_line' id='line_1_35' title="bbox 109 3018 1124 3096; baseline 0.004 -19"><span class='ocrx_word' id='word_1_232' title='bbox 109 3018 201 3080; x_wconf 91' lang='lat' dir='ltr'>tendi</span> <span class='ocrx_word' id='word_1_233' title='bbox 218 3034 317 3096; x_wconf 89' lang='lat' dir='ltr'>quem</span> <span class='ocrx_word' id='word_1_234' title='bbox 334 3018 432 3079; x_wconf 84' lang='lat' dir='ltr'>habet</span> <span class='ocrx_word' id='word_1_235' title='bbox 446 3021 479 3080; x_wconf 97' lang='lat' dir='ltr'>in</span> <span class='ocrx_word' id='word_1_236' title='bbox 501 3024 626 3085; x_wconf 82' lang='lat' dir='ltr'>mente,</span> <span class='ocrx_word' id='word_1_237' title='bbox 649 3024 687 3079; x_wconf 92' lang='lat' dir='ltr'>ut</span> <span class='ocrx_word' id='word_1_238' title='bbox 701 3020 735 3080; x_wconf 94' lang='lat' dir='ltr'>in</span> <span class='ocrx_word' id='word_1_239' title='bbox 749 3019 799 3080; x_wconf 92' lang='lat' dir='ltr'>his</span> <span class='ocrx_word' id='word_1_240' title='bbox 818 3020 1124 3096; x_wconf 86' lang='lat' dir='ltr'>propositionibus:</span> 
     </span>
     <span class='ocr_line' id='line_1_36' title="bbox 109 3098 1130 3179; baseline 0.004 -21"><span class='ocrx_word' id='word_1_241' title='bbox 109 3098 211 3158; x_wconf 87' lang='lat' dir='ltr'>Homo</span> <span class='ocrx_word' id='word_1_242' title='bbox 235 3104 285 3160; x_wconf 91' lang='lat' dir='ltr'>est.</span> <span class='ocrx_word' id='word_1_243' title='bbox 300 3098 446 3174; x_wconf 89' lang='lat' dir='ltr'>species;</span> <span class='ocrx_word' id='word_1_244' title='bbox 473 3099 570 3160; x_wconf 90' lang='lat' dir='ltr'>arbor</span> <span class='ocrx_word' id='word_1_245' title='bbox 595 3107 646 3160; x_wconf 90' lang='lat' dir='ltr'>est</span> <span class='ocrx_word' id='word_1_246' title='bbox 669 3098 745 3161; x_wconf 93' lang='lat' dir='ltr'>idea</span> <span class='ocrx_word' id='word_1_247' title='bbox 767 3100 943 3179; x_wconf 88' lang='lat' dir='ltr'>generalis.</span> <span class='ocrx_word' id='word_1_248' title='bbox 972 3102 1051 3162; x_wconf 87' lang='lat' dir='ltr'>Hinc</span> <span class='ocrx_word' id='word_1_249' title='bbox 1077 3105 1130 3163; x_wconf 87' lang='lat' dir='ltr'>est</span> 
     </span>
     <span class='ocr_line' id='line_1_37' title="bbox 108 3176 629 3240; baseline 0.002 -2"><span class='ocrx_word' id='word_1_250' title='bbox 108 3193 232 3239; x_wconf 84' lang='lat' dir='ltr'>nornen</span> <span class='ocrx_word' id='word_1_251' title='bbox 244 3176 403 3239; x_wconf 90' lang='lat' dir='ltr'>secundae</span> <span class='ocrx_word' id='word_1_252' title='bbox 426 3178 629 3240; x_wconf 88' lang='lat' dir='ltr'>intentionis.</span> 
     </span>
    </p>

    <p class='ocr_par' dir='ltr' id='par_1_13' title="bbox 107 3256 1128 3577">
     <span class='ocr_line' id='line_1_38' title="bbox 148 3256 1128 3336; baseline 0.003 -19"><span class='ocrx_word' id='word_1_253' title='bbox 148 3256 230 3318; x_wconf 87' lang='lat' dir='ltr'>Cum</span> <span class='ocrx_word' id='word_1_254' title='bbox 246 3259 377 3320; x_wconf 88' lang='lat' dir='ltr'>termini</span> <span class='ocrx_word' id='word_1_255' title='bbox 390 3257 580 3321; x_wconf 87' lang='lat' dir='ltr'>immediate</span> <span class='ocrx_word' id='word_1_256' title='bbox 601 3257 696 3318; x_wconf 88' lang='lat' dir='ltr'>ideas</span> <span class='ocrx_word' id='word_1_257' title='bbox 711 3256 908 3336; x_wconf 83' lang='lat' dir='ltr'>significent,</span> <span class='ocrx_word' id='word_1_258' title='bbox 925 3261 958 3319; x_wconf 89' lang='lat' dir='ltr'>et</span> <span class='ocrx_word' id='word_1_259' title='bbox 971 3258 1058 3320; x_wconf 88' lang='lat' dir='ltr'>ideae</span> <span class='ocrx_word' id='word_1_260' title='bbox 1081 3259 1128 3320; x_wconf 93' lang='lat' dir='ltr'>di-</span> 
     </span>
     <span class='ocr_line' id='line_1_39' title="bbox 107 3335 1126 3416; baseline 0.003 -18"><span class='ocrx_word' id='word_1_261' title='bbox 107 3335 262 3398; x_wconf 89' lang='lat' dir='ltr'>vidantur</span> <span class='ocrx_word' id='word_1_262' title='bbox 282 3338 316 3398; x_wconf 93' lang='lat' dir='ltr'>in</span> <span class='ocrx_word' id='word_1_263' title='bbox 330 3339 546 3407; x_wconf 87' lang='lat' dir='ltr'>universales,</span> <span class='ocrx_word' id='word_1_264' title='bbox 563 3337 786 3414; x_wconf 86' lang='lat' dir='ltr'>particulares,</span> <span class='ocrx_word' id='word_1_265' title='bbox 803 3339 999 3416; x_wconf 82' lang='lat' dir='ltr'>singulares,</span> <span class='ocrx_word' id='word_1_266' title='bbox 1018 3338 1126 3401; x_wconf 91' lang='lat' dir='ltr'>distri·</span> 
     </span>
     <span class='ocr_line' id='line_1_40' title="bbox 107 3417 1127 3496; baseline 0.005 -19"><span class='ocrx_word' id='word_1_267' title='bbox 107 3417 237 3478; x_wconf 84' lang='lat' dir='ltr'>butivas</span> <span class='ocrx_word' id='word_1_268' title='bbox 254 3421 287 3480; x_wconf 90' lang='lat' dir='ltr'>et</span> <span class='ocrx_word' id='word_1_269' title='bbox 305 3418 505 3487; x_wconf 87' lang='lat' dir='ltr'>collectivas‚</span> <span class='ocrx_word' id='word_1_270' title='bbox 531 3417 681 3496; x_wconf 89' lang='lat' dir='ltr'>sequitur</span> <span class='ocrx_word' id='word_1_271' title='bbox 706 3418 797 3496; x_wconf 91' lang='lat' dir='ltr'>quod</span> <span class='ocrx_word' id='word_1_272' title='bbox 822 3420 1004 3495; x_wconf 88' lang='lat' dir='ltr'>suppositio</span> <span class='ocrx_word' id='word_1_273' title='bbox 1030 3419 1127 3482; x_wconf 83' lang='lat' dir='ltr'>realis</span> 
     </span>
     <span class='ocr_line' id='line_1_41' title="bbox 108 3495 648 3577; baseline -0.004 -19"><span class='ocrx_word' id='word_1_274' title='bbox 108 3497 246 3558; x_wconf 90' lang='lat' dir='ltr'>easdem</span> <span class='ocrx_word' id='word_1_275' title='bbox 268 3496 445 3560; x_wconf 89' lang='lat' dir='ltr'>divisiones</span> <span class='ocrx_word' id='word_1_276' title='bbox 461 3499 581 3559; x_wconf 91' lang='lat' dir='ltr'>subeat</span> <span class='ocrx_word' id='word_1_277' title='bbox 595 3495 648 3577; x_wconf 87' lang='lat' dir='ltr'>(l).</span> 
     </span>
    </p>
   </div>
   <div class='ocr_carea' id='block_1_7' title="bbox 110 3614 1125 3732">
    <p class='ocr_par' dir='ltr' id='par_1_14' title="bbox 110 3614 1125 3732">
     <span class='ocr_line' id='line_1_42' title="bbox 110 3614 1125 3732; baseline 0.005 -67"><span class='ocrx_word' id='word_1_278' title='bbox 110 3616 173 3730; x_wconf 50' lang='lat' dir='ltr'>Solvit)</span> <span class='ocrx_word' id='word_1_279' title='bbox 188 3615 254 3732; x_wconf 45' lang='lat' dir='ltr'>Yidle·</span> <span class='ocrx_word' id='word_1_280' title='bbox 268 3614 383 3666; x_wconf 88' lang='lat' dir='ltr'>Hurtado</span> <span class='ocrx_word' id='word_1_281' title='bbox 395 3620 449 3665; x_wconf 85' lang='lat' dir='ltr'>tuse</span> <span class='ocrx_word' id='word_1_282' title='bbox 459 3614 491 3696; x_wconf 78' lang='lat' dir='ltr'>de</span> <span class='ocrx_word' id='word_1_283' title='bbox 501 3615 673 3683; x_wconf 84' lang='lat' dir='ltr'>suppositione</span> <span class='ocrx_word' id='word_1_284' title='bbox 682 3615 863 3682; x_wconf 83' lang='lat' dir='ltr'>disputantem.</span> <span class='ocrx_word' id='word_1_285' title='bbox 875 3618 945 3685; x_wconf 80' lang='lat' dir='ltr'>Opus</span> <span class='ocrx_word' id='word_1_286' title='bbox 954 3619 1000 3671; x_wconf 89' lang='lat' dir='ltr'>cit.</span> <span class='ocrx_word' id='word_1_287' title='bbox 1014 3618 1079 3685; x_wconf 81' lang='lat' dir='ltr'>disp.</span> <span class='ocrx_word' id='word_1_288' title='bbox 1092 3619 1125 3681; x_wconf 87' lang='lat' dir='ltr'>tt,</span> 
     </span>
    </p>
   </div>
   <div class='ocr_carea' id='block_1_8' title="bbox 0 0 1330 4242">
    <p class='ocr_par' dir='ltr' id='par_1_15' title="bbox 0 0 1330 4242">
     <span class='ocr_line' id='line_1_43' title="bbox 0 0 1330 4242; baseline 0 2"><span class='ocrx_word' id='word_1_289' title='bbox 0 0 1330 4242; x_wconf 95' lang='lat' dir='ltr'> </span> 
     </span>
    </p>
   </div>
  </div>
 </body>
</html>
