2650 4242
219 290 415 336 mrumasmu
436 293 518 348 auu,
540 290 595 339 sau
617 277 796 339 onroiouia.
959 275 1016 339 189

20 404 204 480 rationesui,
230 421 341 485 neque
367 405 495 468 ratione
525 407 766 484 delectationis,
796 408 858 471 sed
884 409 1014 472 ratione

20 488 134 554 alterius
167 487 248 548 boni
283 484 373 565 quod
405 501 467 564 per
499 487 581 550 illud
616 489 755 551 obtineri
784 494 903 566 potest.
920 490 957 552 V.
975 507 1010 572 g.

20 569 153 648 pecunia.
167 567 338 628 listellam
352 564 485 644 aliquod
499 567 625 630 bonum
638 569 823 632 relativum.

20 693 76 832 liti.
90 723 127 735 -
139 691 249 830 3512st
264 691 287 750 l.
305 693 403 752 omne
417 706 472 751 eus
486 695 530 752 cst
550 691 677 764 bonum,
694 695 762 754 tum
776 693 951 754 secundum
968 708 1013 766 se,

61 787 112 832 um
126 787 147 830 a
175 785 235 833 ert.

52 889 78 948 1ο
91 885 144 947 list
169 884 296 946 bonum
319 888 494 948 secundum
520 903 565 955 se,
594 883 671 964 quia
699 899 799 947 omne
824 900 884 948 ens
899 900 1013 948 carere

20 968 120 1044 nequit
132 965 195 1025 hac
208 963 411 1041 perfectione
427 964 594 1027 essentiali
611 981 677 1045 qua
689 963 725 1026 fit
741 965 806 1027 tale
822 979 893 1026 ene.
918 966 1017 1044 Atqui

20 1046 159 1124 qualibet
172 1043 330 1120 persentio
348 1049 400 1106 est
421 1046 607 1124 appetibilis
629 1045 784 1122 adeoque
808 1044 907 1107 bona.
928 1045 1015 1124 Ergo

20 1127 76 1187 tao
89 1125 272 1186 essentialis
285 1122 444 1201 perieetio
460 1140 525 1204 qua
549 1141 609 1188 ens
632 1121 712 1187 ae'tu
737 1128 795 1196 est,
813 1124 913 1204 hujus
929 1126 1015 1186 entis
1095 1186 1097 1190 .

21 1204 193 1266 honitatem
207 1203 391 1264 secundum
405 1221 442 1266 se
458 1205 637 1267 constituit.

51 1285 79 1343 2⁰
95 1285 147 1345 Est
164 1283 262 1345 etiam
295 1284 414 1344 donum
447 1287 555 1360 alteri,
592 1285 668 1363 quia
702 1283 855 1363 quelibet
888 1282 1018 1346 bonitas

21 1368 118 1441 potest
130 1379 265 1440 semper
279 1362 403 1442 aliquid
418 1363 567 1428 conterre
582 1364 625 1426 ad
639 1365 775 1427 alterius
789 1363 873 1425 entis
887 1361 1017 1443 perfec-

20 1446 141 1516 tionem,
156 1458 266 1516 usum,
283 1448 347 1505 etc.
363 1444 459 1522 Ergo.

20 1569 78 1628 iit).
94 1569 247 1630 -umsrs
262 1568 298 1628 ll.
314 1570 439 1629 Bonum
453 1574 497 1631 est
511 1568 701 1644 diffusioum
713 1569 775 1630 sui.

53 1681 219 1746 Probatur.
239 1681 334 1758 Quod
348 1683 473 1744 bonum
488 1689 549 1759 est,
565 1684 743 1762 appetibile
760 1687 821 1756 est,
838 1687 871 1745 et
884 1697 1018 1744 movere

20 1763 97 1823 valet
117 1767 342 1840 appetentem,
379 1767 541 1841 quatenus
575 1781 634 1841 pro
669 1765 724 1826 illo
759 1763 921 1826 rationem
943 1761 1019 1824 finis

21 1843 133 1904 habere
147 1846 268 1920 potest.
284 1843 382 1921 Atqui
395 1844 428 1905 id
443 1845 533 1922 quod
548 1845 724 1922 appetitur,
741 1847 778 1905 ut
799 1841 884 1916 tinia,
908 1839 1018 1905 reddit

21 1923 119 1983 media
134 1938 205 2000 quae
217 1922 261 1984 ad
282 1923 374 1983 huno
392 1922 493 1985 finem
517 1923 763 2005 assequendum
787 1923 907 1984 idonea
930 1925 1017 1992 sunt,

21 2002 170 2062 amolitio
185 2008 214 2063 et
236 2002 434 2077 appetibilia.
459 2006 544 2083 Ergo
573 2005 698 2067 bonurn
722 2005 757 2065 in
782 2003 862 2065 alias
885 2017 938 2063 res
964 2017 1018 2063 ra·

20 2082 132 2142 tionem
144 2081 224 2143 boni
240 2081 403 2159 diffundit,
420 2100 457 2146 ac
471 2084 612 2161 proinde
627 2088 678 2146 est
693 2084 744 2146 sui
760 2082 948 2145 diffusivum
963 2078 1016 2160 (l).

415 2210 433 2271 5
447 2208 477 2261 ll.
490 2208 532 2263 De
545 2205 623 2262 malo

275 2318 295 2367 I.
309 2317 376 2378 Quid
388 2322 414 2368 et
426 2319 561 2384 quotuplex
574 2323 614 2369 est
627 2319 737 2369 mulumi

54 2419 121 2480 321,
138 2454 176 2464 -
190 2420 279 2481 Bono
296 2419 472 2499 opponitur
486 2421 609 2482 malum
620 2425 777 2499 tanquam
787 2419 872 2482 illius
882 2419 1018 2498 privatio

21 2514 76 2559 seu
90 2499 246 2573 carentia;
264 2503 418 2578 quocirca
430 2504 540 2578 potest
554 2499 680 2562 definiri
699 2521 706 2562 :
729 2501 873 2562 cotentio
886 2499 1020 2577 ‚perfec-

21 2579 110 2638 tiouis
129 2580 388 2642 convenientiora
410 2581 533 2643 debita.
563 2579 681 2641 llalum
708 2597 776 2642 non
805 2587 855 2641 est
881 2578 1020 2656 simplex

21 2658 145 2735 negatio
171 2659 263 2733 honi,
288 2675 399 2737 neque
427 2659 536 2737 aliqua
557 2661 687 2723 realitas
706 2661 850 2737 potitiva.
877 2658 1020 2735 Simplex

23 2739 104 2797 enim
130 2738 263 2817 negatio
292 2740 416 2801 nullam
445 2740 599 2816 supponit
623 2740 657 2800 in
685 2739 833 2820 subjecto
866 2737 1020 2817 oppositae

21 2815 449 2898 portentionisexigentiam.
477 2821 710 2882 Verumtamen
738 2835 805 2881 non
834 2825 884 2882 est
911 2816 1020 2895 aliqua

21 2897 155 2967 realitas,
191 2914 269 2958 narn
303 2899 408 2961 omnis
441 2898 584 2972 realitas,
607 2916 672 2978 qua
706 2899 788 2976 talla,
826 2905 875 2961 est
889 2895 1021 2976 aliquod

21 2977 139 3037 honum
151 2976 246 3056 (319).
526 3015 529 3019 -

55 3057 123 3117 322.
139 3057 324 3130 -Malum‚
355 3073 421 3136 qua
453 3059 530 3132 tale,
546 3075 613 3121 non
642 3064 693 3121 est
720 3058 915 3136 appetibile3
947 3072 1022 3120 cum

21 3141 199 3211 opponatur
211 3138 311 3209 hone,
337 3139 499 3199 rationem
522 3137 595 3200 finis
620 3155 662 3201 ex
686 3155 723 3201 se
748 3139 871 3202 hahere
894 3135 1021 3216 nequit.

21 3216 246 3278 Verumtamen
259 3218 384 3283 malum
407 3219 573 3294 appetitur
592 3236 655 3295 per
679 3219 836 3292 accidens,
857 3222 1024 3296 quatenus

20 3310 68 3354 res
83 3296 232 3371 quaedam
246 3297 334 3358 bona
348 3297 540 3376 exquiritur,
555 3299 590 3360 in
605 3315 671 3378 qua
693 3299 818 3362 malum
842 3301 892 3360 est
909 3316 917 3359 ε
934 3313 965 3360 v.
987 3313 1020 3377 g.

21 3374 146 3436 lucrum
159 3375 329 3455 injustum.

58 3455 125 3517 323.
142 3487 181 3500 -
197 3459 228 3517 1⁰
241 3456 361 3518 Maium
389 3456 541 3520 dividitur
573 3459 609 3520 in
630 3457 800 3534 physicum
834 3463 867 3520 et
886 3455 1021 3528 morule,

22 3539 115 3609 prout
142 3540 193 3598 est
219 3537 355 3615 privatio
383 3537 462 3600 honi
488 3537 650 3600 naturalis
678 3539 730 3601 vel
750 3539 892 3600 *morulis
911 3558 922 3600 .·
939 3553 969 3602 v.
986 3551 1020 3617 g.

50 3667 83 3730 (l)
96 3667 137 3722 Cf.
155 3667 184 3721 S.
198 3668 294 3722 Thom.
313 3669 379 3736 disp.
398 3671 429 3720 de
443 3669 550 3722 veritate
564 3687 590 3738 q.
601 3671 632 3722 21
647 3687 675 3724 a.
694 3672 706 3720 1
721 3670 754 3723 ad
767 3671 791 3720 4.
