2650 4242
30 3808 47 3814 ,.
55 3789 122 3813 :ab

213 231 271 293 110
505 249 541 289 33
541 245 685 290 33333333
706 241 913 290 3333333333

248 369 323 426 Cor.
347 365 383 424 ll.
409 365 443 423 ln
469 362 619 441 subjecto
641 376 721 437 ergo
751 350 860 438 quod
865 365 974 421 actum
1001 360 1080 422 fidei
1109 359 1229 425 divina

207 436 305 518 elicit,
321 442 456 507 firmitas
471 457 628 503 assensus
643 440 744 501 debet
758 455 831 501 esse
861 442 993 518 qualem
1022 443 1126 522 exigit
1150 441 1228 504 infi-

207 529 274 588 nita
289 524 467 585 auctoritas
482 523 553 594 Dei,
571 537 642 598 quaa
657 523 804 580 meretur
818 521 934 600 uteJus
943 522 1102 582 locutioni
1110 523 1227 584 huma

206 622 249 666 na
263 606 415 665 voluntas
431 607 463 663 et
476 603 640 662 humanus
654 600 840 660 intellectus
861 617 897 662 se
908 602 1007 683 plane
1023 602 1179 680 subjiciat
1194 608 1228 664 et

207 687 463 746 assentiaturaest
464 682 702 755 imutt'uesupcr
716 682 837 740 333333
849 681 887 741 tn
905 680 947 741 ad
959 679 1021 742 hoc
1031 682 1227 744 homoexci·

209 770 305 836 tatur,
318 764 455 825 illustrat
444 769 506 834 333,
524 759 687 822 confortat
687 776 727 819 33
740 760 862 821 viribus
890 761 998 839 gratiae
1022 767 1224 839 supernam

206 845 342 915 33111333,
359 848 392 904 33
406 844 452 902 333
464 846 533 901 3333
521 839 625 901 titudo
637 839 819 918 subjectiva
831 837 882 900 fit
875 855 945 918 ipsa
955 845 1078 904 caeteris
1087 841 1223 905 iirmior

627 1095 753 1158 CAPUT
775 1097 811 1156 lt.

281 1267 320 1309 DE
340 1263 484 1308 rodricus
505 1263 668 1317 vnntrlth,
692 1263 755 1308 Situ
768 1266 806 1307 DE
827 1263 925 1309 littoris
946 1264 1145 1317 lssnouttnttffi

620 1345 783 1388 vunlrants.

251 1478 319 1538 175.
344 1477 556 1536 -Hactenus
572 1476 780 1567 quaesivimus
795 1475 875 1552 quid
889 1476 1072 1552 3333333333,
1090 1481 1123 1537 33
1145 1483 1226 1554 quot

209 1557 275 1617 sint
288 1562 392 1618 333333
406 1556 525 1616 mentis
540 1561 695 1632 respectu
709 1555 787 1616 veri.
804 1551 897 1616 Nunc
924 1558 1061 1618 31333333
1089 1573 1225 1648 progre-

210 1636 302 1696 dien
290 1645 406 1708 es,
389 1634 599 1695 considerare
629 1635 791 1696 debemus
820 1653 873 1708 an,
900 1637 1066 1714 quomodo
1094 1642 1127 1698 33
1156 1637 1225 1715 qui·

208 1717 350 1780 bustiam
378 1715 496 1777 mediis
523 1732 618 1776 mens
646 1715 819 1777 veritatem
832 1722 953 1776 certam
966 1719 1028 1780 sibi
1045 1721 1223 1793 comparet.

208 1797 314 1858 bledia
329 1795 382 1856 illa
398 1796 516 1873 quibus
536 1797 659 1856 Auctor
685 1799 807 1856 naturae
829 1796 999 1859 hominem
1026 1799 1157 1858 instruit
1184 1797 1225 1858 ad

123 1917 126 1922 ι
210 1893 325 1939 verum
337 1880 406 1934 cert
407 1893 425 1935 0
438 1875 697 1952 assequendum,
711 1891 848 1952 quaeque
861 1878 1000 1954 proinde
1013 1877 1075 1938 dici
1086 1883 1226 1954 possunt

210 1957 320 2018 fontes
331 1956 485 2027 veritatis,
498 1960 574 2015 sunt
583 1957 767 2027 facultates
786 1972 856 2032 quae
872 1956 984 2018 adtria
995 1972 1120 2036 genera
1134 1973 1225 2019 revo-

212 2039 278 2098 cari
294 2042 445 2113 queunt:
464 2038 493 2096 l⁰
504 2035 547 2096 ad
561 2051 698 2096 sensum
711 2033 878 2108 intimum;
895 2035 926 2096 21
937 2038 978 2099 ad
990 2054 1108 2098 seusus
1121 2045 1225 2098 exter-

211 2133 288 2189 333;
306 2118 338 2176 3
353 2115 395 2174 ad
411 2116 663 2193 intelligentiam
677 2132 738 2176 seu
762 2117 966 2177 intellectum
982 2123 1015 2178 33
1029 2121 1204 2178 rationem

250 2197 368 2256 Praeter
381 2196 449 2255 13333
463 2194 574 2256 media
589 2198 720 2255 interna
735 2196 854 2273 quibus
865 2197 963 2258 homo
978 2200 1118 2275 percipit
1139 2199 1223 2258 veri-

212 2280 296 2337 tates
311 2277 436 2348 obvias,
451 2291 573 2351 nempe
588 2277 736 2352 sibiipsi
755 2281 945 2352 presentes
970 2279 1032 2338 alio
1057 2279 1226 2338 instruitur

211 2355 321 2417 medio
338 2371 403 2432 quo
419 2360 529 2446 potest
542 2358 698 2416 veritates
715 2354 875 2433 quasdam
895 2356 1066 2436 detegere,
1098 2375 1168 2434 (333
1183 2358 1223 2420 ob

213 2439 355 2514 spatium
371 2435 539 2511 temporis
557 2437 777 2497 auttlocorum
793 2435 1058 2499 d1ssoc1atronem
1069 2453 1136 2498 non
1150 2443 1225 2498 sunt

212 2517 354 2577 obvie:
383 2515 439 2574 ille
461 2515 596 2576 ultimus
633 2514 708 2575 fons
746 2518 891 2578 veritatis
919 2521 968 2578 333
1004 2518 1226 2578 testimonium

211 2597 402 2657 humanum.
429 2595 530 2653 Hinc
522 2612 555 2655 33
571 2594 717 2673 quinque
744 2596 888 2656 articulis
917 2597 1156 2674 disputabimus
1184 2597 1225 2658 de

212 2675 357 2738 fontibus
368 2676 512 2734 veritatis
525 2695 533 2735 ι

254 2758 289 2816 ln
312 2758 340 2816 1υ
363 2755 498 2814 33333333
513 2771 652 2832 agemus
668 2753 709 2814 de
723 2771 826 2816 sensu
840 2755 953 2818 intimo
967 2762 1000 2818 et
1013 2759 1223 2830 conscientia

254 2837 289 2896 ln
309 2837 355 2907 2⁰,
379 2834 421 2895 de
436 2837 588 2896 sensibus
604 2837 763 2908 externis;

254 2916 290 2975 ln
311 2916 352 2987 3⁰,
378 2915 419 2974 de
434 2915 529 2989 ideis,
545 2932 606 2976 seu
621 2915 663 2976 de
673 2915 844 2976 intellectu
860 2919 892 2977 et
902 2915 1045 2990 ratione,

254 2995 353 3066 1341,
377 2994 446 3054 det
435 2998 621 3057 estimonio
635 2995 797 3068 humano,

252 3076 425 3151 Denique
418 3091 451 3134 in
466 3076 509 3149 5,
526 3075 568 3136 de
581 3073 801 3152 scepticismo,
815 3075 870 3153 qui
886 3091 926 3136 ex
938 3079 1004 3139 toto
1019 3075 1121 3137 velex
1135 3081 1223 3154 parte

213 3157 426 3215 veracitatem
439 3154 557 3215 borum
570 3156 756 3216 mediorum
770 3154 953 3217 inficiatur.-

256 3237 290 3295 ln
310 3235 361 3294 his
369 3236 514 3297 veritatis
536 3234 682 3297 fontibus
709 3249 797 3297 nunc
826 3235 1075 3296 consideramus
1089 3240 1220 3311 tantum,

216 3330 258 3375 ex
284 3331 350 3375 una
373 3321 476 3390 parte,
505 3331 546 3374 an
561 3314 674 3375 idonei
688 3317 752 3375 sint
773 3314 815 3376 ad
829 3314 923 3376 ideas
944 3314 1082 3394 objectis
1098 3315 1220 3378 333333·

214 3411 287 3456 mes
301 3393 396 3456 nobis
410 3395 616 3470 prebendas
634 3400 678 3469 et,
695 3410 735 3454 ex
750 3398 862 3462 altera,
880 3411 920 3455 an
936 3410 1139 3491 cognoscere
1150 3411 1219 3473 pos-

215 3475 403 3537 3333331133
418 3473 511 3534 ideas
538 3476 648 3551 reipsa
677 3490 750 3535 esse
780 3474 967 3536 conformes
995 3477 1134 3552 propriis
1160 3477 1220 3538 suls

216 3556 366 3633 objectis
375 3553 1222 3649 llecidoneitasfacultatumperceptlvarumvocatur

217 3633 395 3714 aliquando
422 3635 598 3707 vernolum
625 3639 658 3696 et
681 3635 878 3714 principium
905 3634 996 3714 quod
1017 3635 1147 3715 judicat
1182 3635 1220 3697 de

215 3728 321 3795 ‹⁹:²ss
337 3740 403 3793 333
415 3736 453 3790 333
