2650 4242
451 237 587 300 'touton
608 257 680 299 nens
703 262 722 300 r.
1069 239 1106 296 41

91 371 339 448 propositiones
356 389 363 431 :
381 369 493 432 Omnis
507 371 605 432 homo
623 375 673 431 est
682 371 806 449 justus,
822 373 932 434 nullus
941 372 1041 432 homo
1058 373 1111 431 θεῖ

88 451 214 530 justus,
241 451 403 528 reperitur
424 465 569 529 sequens
597 453 777 528 propositio
805 453 970 513 exclusive
996 465 1106 512 vera:

94 531 237 606 Quidam
263 530 414 592 homines
435 536 512 591 sunt
541 531 632 610 justi.
658 533 738 593 Hinc
754 533 878 611 justitia
907 549 974 594 non
997 535 1110 608 potest

92 627 208 689 neque
237 608 389 671 affirmari
409 627 520 689 neque
549 611 664 690 negari
680 611 723 672 de
750 614 914 674 omnihus,
931 614 1045 688 ltaque
1068 627 1110 671 ex

95 689 322 753 demonstrata
348 689 489 752 falsitate
504 692 602 752 unius
624 693 795 753 contrariae
816 709 883 755 non
905 691 1111 753 concluditur

94 769 141 832 ad
155 771 328 833 veritatem
349 771 492 833 alterius

137 852 170 910 2⁰
191 853 259 911 Non
273 855 407 912 Possunt
429 869 493 912 esse
519 853 619 913 simut
631 868 726 912 nere.
751 853 884 915 Etenim
912 868 954 913 ex
973 851 1109 914 veritate

93 929 196 990 unius
218 933 400 1006 contrariae,
424 945 498 1010 quae
515 934 565 992 θεῖ
579 932 782 1008 universalis,
814 933 963 1010 sequitur
991 932 1110 993 veritas

95 1008 173 1088 ejus
199 1012 444 1084 subalternatae‚
463 1016 500 1072 ut
522 1011 661 1073 diximus
673 1011 718 1091 (P.
737 1012 771 1093 l).
791 1015 889 1092 Atqui
904 1015 976 1073 haec
998 1011 1108 1073 subal-

94 1093 227 1151 ternata
243 1096 294 1152 est
328 1090 574 1154 contradictoria
611 1092 745 1153 alterius
767 1096 952 1155 contrariae.
977 1094 1063 1171 Ergo
1083 1091 1110 1163 si

96 1168 176 1231 duae
193 1171 361 1232 contrariae
378 1177 490 1232 essent
500 1172 597 1235 simul
610 1187 710 1243 verae,
723 1179 921 1251 sequeretur
936 1174 1019 1234 duas
1034 1187 1111 1232 con-

96 1251 304 1312 tradictorias
326 1268 400 1312 esse
422 1251 519 1313 simul
538 1269 646 1324 veras,
670 1251 761 1329 quod
780 1258 831 1314 est
852 1259 965 1315 contra
989 1268 1109 1314 secun-

96 1330 180 1390 dum
193 1332 400 1408 principium.
423 1333 617 1411 Exemplum
630 1333 774 1395 habetur
782 1336 817 1395 in
827 1334 997 1395 schemate
1013 1346 1112 1409 supra

94 1411 219 1488 posito.

139 1493 214 1551 lVum
246 1493 453 1568 Principium.
477 1491 717 1570 propositiones
732 1494 961 1554 subcontrun'ae
987 1494 996 1552 l
1020 1491 1111 1562 o,1⁰

94 1574 234 1632 Possunt
248 1573 527 1634 essesunntoenoe.
551 1574 632 1634 Nam
653 1572 869 1648 praedicatum
890 1574 925 1632 in
945 1589 1012 1633 una
1034 1586 1111 1647 pro-

95 1651 264 1726 positione
285 1651 326 1713 de
348 1652 466 1714 iisdem
493 1651 703 1715 inferioribus
723 1670 790 1715 non
813 1653 932 1715 dicitur
966 1652 1009 1714 ad
1037 1665 1113 1729 quae

95 1731 289 1807 subjectum
300 1732 434 1792 alterius
443 1732 677 1810 propositionis
687 1749 723 1792 εθ
742 1733 905 1808 extendit3
928 1751 959 1794 v.
976 1750 1025 1811 gr.
1044 1733 1114 1809 qui·

97 1809 1112 1892 damhominessuntjusti.Nonagiturdeiisdemhominihus.

94 1891 223 1952 Tamen
244 1893 277 1951 in
298 1892 433 1953 materia
448 1895 630 1956 necessaria
647 1893 767 1970 150-10),
791 1908 858 1956 non
887 1895 1027 1970 possunt
1039 1907 1114 1952 esse

95 1971 198 2031 simul
218 1985 305 2032 verae
322 1977 378 2033 aut
391 1971 500 2047 falsae;
528 1990 559 2034 v.
580 1991 643 2053 gr„
658 1973 775 2050 aliquis
800 1975 939 2054 angelus
955 1978 1005 2035 est
1018 1971 1113 2049 spiri·

95 2053 170 2122 tus3
188 2051 303 2129 aliquis
318 2053 456 2131 angelus
471 2070 537 2114 non
555 2060 604 2116 est
627 2054 774 2129 spiritus;
802 2059 836 2114 et
858 2056 940 2115 ratio
970 2052 1115 2115 adducta

94 2145 167 2190 non
189 2132 276 2193 valet
289 2132 352 2193 nisi
379 2135 412 2194 in
427 2136 565 2195 materia
593 2134 807 2212 contingenti.
838 2136 870 2195 2⁰
891 2137 960 2195 Non
986 2136 1116 2209 possunt

94 2227 167 2272 esse
180 2211 278 2272 simut
300 2212 406 2287 falsae.
435 2214 562 2274 Etenim
577 2214 605 2274 si
630 2219 744 2274 essent
757 2214 856 2275 simul
874 2211 980 2283 falsae,
1003 2229 1117 2274 earum

94 2289 364 2352 contradictoriae
387 2299 498 2354 essent
510 2309 605 2355 verae.
624 2294 725 2370 Atqui
741 2293 1002 2355 contradictoriae
1019 2308 1115 2353 cons·

95 2369 223 2431 tituunt
251 2371 332 2511 dtlrsals
350 2372 554 2513 2contrarias,
572 2389 646 2452 quae
672 2389 746 2435 esse
767 2391 836 2435 non
860 2377 1000 2451 possunt
1021 2371 1118 2434 simul

93 2465 188 2511 verae
254 2497 261 2512 .
322 2498 329 2526 ,
371 2461 404 2514 ⁰.
776 2476 779 2481 >

137 2450 317 2610 Erggpduae
334 2450 569 2595 susscontranae
584 2536 802 2611 nonpossunt
816 2549 891 2594 esse
902 2532 1001 2593 simul
1016 2529 1114 2592 ialsae.

430 2702 467 2758 ΙΙ.
486 2701 519 2759 de
533 2703 756 2774 AEquipollentia.

140 2853 191 2914 62.
215 2887 254 2896 -—
275 2854 539 2930 AEqutponenu,
568 2859 605 2916 ut
627 2869 750 2914 nomen
777 2853 912 2925 indicat,
941 2856 992 2913 θεῖ
1006 2853 1120 2914 eadem

96 2933 292 3008 sipnn'licntio
308 2936 449 2994 ducrum
458 2936 730 3011 propositionum,
761 2951 832 3009 quae
853 2936 962 2994 eodem
976 2933 1120 3007 subjecto

96 3017 129 3074 ct
144 3014 299 3074 attributo
315 3019 469 3084 constant,
487 3012 548 3074 sed
561 3014 718 3075 differunt
731 3030 798 3074 una
814 3017 871 3072 aut
884 3013 989 3073 altera
1013 3027 1117 3091 nega·

96 3094 206 3165 tione;
231 3110 261 3153 v.
278 3109 342 3172 gn,
359 3109 427 3154 non
438 3093 545 3154 omnis
566 3094 666 3154 homo
684 3097 735 3153 est
744 3093 869 3171 justus;
888 3091 1006 3170 aliquis
1016 3092 1117 3152 homo

95 3188 167 3234 non
190 3175 242 3233 est
252 3173 375 3252 justus,
393 3173 481 3234 Sicut
496 3174 649 3252 quaelibet
664 3173 846 3249 propositio
861 3172 962 3234 habet
976 3171 1121 3249 aliquam

96 3252 161 3313 sibi
184 3256 383 3329 oppositam,
413 3255 459 3314 ita
487 3257 522 3314 et
543 3253 826 3331 aequipollentem,
856 3268 931 3330 quae
960 3254 994 3313 in
1019 3266 1121 3313 sensu

95 3331 285 3410 logicorum
299 3331 335 3394 fit
349 3348 413 3408 ope
429 3336 599 3411 particulae
615 3333 780 3412 negativae
802 3349 876 3393 non.

138 3414 354 3489 Principium.
373 3413 533 3474 Particula
553 3415 705 3492 negativa
734 3413 768 3474 in
791 3414 1016 3489 propositione
1043 3409 1119 3471 des·

99 3492 179 3553 truit
193 3491 228 3552 id
243 3491 333 3570 quod
349 3498 424 3568 post
450 3510 487 3555 se
501 3496 638 3571 reperit,
655 3511 693 3555 ao
707 3491 847 3569 proinde
862 3495 968 3552 mutat
990 3490 1119 3568 quanti-

98 3576 253 3656 tetemet
269 3574 470 3650 qualitatem,
489 3574 621 3651 quando
637 3571 829 3651 praefigitur.
846 3574 937 3634 Hinc.

140 3655 167 3714 1³
187 3654 325 3729 Reputo.
352 3653 490 3730 Quando
515 3655 573 3716 toti
613 3652 829 3732 propositioni
856 3651 1039 3730 prefigitur
1064 3663 1122 3710 ne·
