2650 4242
1085 228 1125 291 39

485 243 601 289 coerce
671 236 736 288 '‘rr.

101 437 109 448 ·
148 357 188 418 Ut
197 357 359 450 judicium
374 361 415 420 sit
430 359 557 421 axioma
571 234 749 599 rffiur
765 380 772 421 :
788 335 924 422 ratim
944 325 999 422 ier
1013 376 1050 422 se
1064 351 1126 423 seu

99 437 298 528 rmmedrate
315 439 467 535 elidens)
480 442 516 533 Ι20
530 445 601 502 utu
626 439 893 535 iversalitaterqlr
940 444 1003 502 eat.
1077 521 1084 534 .

145 517 226 577 llrno
254 533 362 580 omnia
380 519 508 599 Judrcra
530 522 627 600 analy
713 523 760 587 im
886 537 905 580 a
932 524 1011 582 sunt
1033 537 1123 582 axro·

99 600 206 671 mata,
223 613 311 668 nam,
331 601 360 662 1⁰
376 599 540 664 evidentia
554 601 756 676 immediata,
772 606 873 679 atque
884 602 916 660 2⁰
926 600 1125 662 necessitate
1239 679 1243 690 Ι

101 683 139 738 et
155 677 400 741 universalitate
416 696 550 757 semper
563 679 727 749 fruuntur.

146 754 351 836 Sedjudicia
373 761 567 838 synthetica‚
599 764 700 824 etiam
726 758 928 830 immediata,
952 775 1019 821 non
1048 764 1125 821 sunt

100 852 241 914 semper
261 840 435 911 axiomata,
459 840 535 919 quia
556 856 787 919 saepenumero
816 844 929 901 carent
952 840 1122 902 universa·

100 917 209 986 litate,
226 935 326 995 quam
342 921 539 998 caeteroquin
561 922 749 996 siupularia
771 918 911 981 induere
934 923 1121 997 nequeunt;

101 995 272 1074 siquidem
286 1001 371 1062 circa
382 999 550 1062 individua
563 1001 695 1080 obJecta
706 1004 879 1062 versantur
895 1019 902 1060 :
924 1016 955 1062 v.
969 1016 1034 1079 gr,
1060 1016 1123 1078 ego

103 1077 229 1156 cogito,
253 1080 366 1156 patior,
392 1084 454 1142 etc.

144 1156 273 1219 iudicia
287 1161 484 1238 synthetica,
497 1175 571 1238 quae
583 1177 651 1222 non
662 1163 739 1220 sunt
750 1159 938 1238 singularia,
952 1157 1013 1220 sed
1019 1159 1124 1236 parti-

102 1236 250 1311 euteria,
266 1248 405 1316 possunt
420 1239 595 1318 aliquando
609 1239 650 1301 ad
664 1240 947 1302 universalitatem
961 1239 1075 1313 attolli,
1093 1243 1126 1299 et

102 1319 152 1378 sic
163 1318 326 1380 axiomata
340 1321 502 1383 evadunt:
515 1339 545 1383 v.
558 1336 622 1398 gr„
635 1320 669 1381 hi
679 1319 808 1395 lapides
817 1337 885 1381 non
896 1319 1020 1381 suffulti
1030 1319 1125 1380 deor·

101 1411 181 1458 sum
195 1404 306 1461 ruunt.
325 1401 462 1476 Quando
480 1399 684 1479 experientia
698 1398 786 1465 facta
798 1399 918 1463 sufficit
930 1404 968 1460 ut
981 1401 1123 1478 gravitas

102 1476 318 1542 deomnihus
329 1498 463 1557 prorsus
477 1481 641 1558 lapidibus
664 1479 728 1541 dici
743 1481 856 1558 possit,
873 1481 1035 1542 habemus
1044 1477 1126 1541 illud

101 1557 236 1621 axioma
254 1579 261 1620 :
278 1578 394 1623 omnes
404 1560 533 1640 lapides
545 1565 760 1641 suntgraves‚
773 1577 835 1621 seu
844 1560 1001 1622 deorsum
1011 1563 1123 1622 ruunt.

476 1757 692 1820 ARTICULUS
713 1757 749 1817 V.

314 1943 360 2001 Dc
370 1941 633 2018 propositionum
640 1939 909 2016 proprietatibus.

142 2115 195 2178 60.
213 2149 252 2159 -
267 2117 432 2178 Hactenus
447 2117 691 2195 propositiones
717 2113 999 2177 consideravimus
1013 2111 1125 2192 quoad

102 2211 166 2257 sua
193 2195 372 2258 intrinseca
401 2199 649 2269 constituentia;
680 2212 796 2258 verum
810 2212 878 2257 una
891 2193 1071 2273 propositio
1090 2195 1126 2255 in

102 2274 221 2338 ordine
245 2275 288 2337 ad
316 2277 412 2338 aliam
434 2276 695 2355 propositionem
720 2277 819 2336 etiam
847 2275 964 2352 inspici
985 2277 1123 2351 potest:

103 2359 186 2418 tunc
202 2362 387 2435 exsurgunt
401 2359 495 2419 variae
513 2356 782 2421 enunciationum
797 2356 1025 2433 proprietates
1050 2367 1126 2432 quae

103 2439 184 2497 sunt
198 2438 372 2515 oppositio,
389 2437 632 2516 aequipollentia
649 2442 682 2497 et
696 2435 877 2498 conversio.

467 2595 488 2651 l.
508 2597 549 2650 De
564 2595 745 2668 oppositione.

146 2746 199 2808 ol.
224 2779 262 2790 -
279 2746 441 2822 oppositio
457 2751 501 2808 cst
515 2747 733 2822 rcpupuuutia
744 2744 918 2804 iutcrduas
928 2742 1124 2817 propositio·

104 2843 162 2887 ucs
173 2827 283 2887 codem
297 2827 438 2901 subjecto
455 2833 484 2887 et
492 2826 673 2902 predicato
689 2827 874 2884 coustautes.
887 2821 1026 2885 Differre
1046 2837 1123 2897 pos·

106 2908 186 2966 sunt
205 2907 448 2982 propositiones
470 2909 540 2966 tum
557 2905 751 2982 quantitate,
775 2907 844 2964 tum
866 2901 1035 2981 qualitate,
1055 2904 1126 2962 tum

105 2987 248 3060 utraque
263 2985 369 3047 simul.
496 3009 503 3018 „
957 3042 963 3055 .

146 3062 287 3140 Quando
299 3066 367 3127 sola
379 3066 556 3140 quantitate
566 3063 731 3134 differunt,
751 3059 1123 3124 vocantursubalterue.

107 3143 140 3205 Si
155 3143 312 3221 qualitate
332 3145 439 3206 solum
454 3143 652 3220 discrepant,
670 3158 744 3203 esse
758 3144 896 3219 possunt
911 3138 1049 3217 duplicis
1064 3153 1126 3216 ge-

106 3224 206 3297 neris,
230 3228 330 3300 prout
342 3228 420 3285 sunt
439 3225 493 3285 vel
506 3222 710 3286 universales
724 3221 778 3282 vel
791 3220 1008 3296 particulares
1022 3238 1029 3280 :
1048 3216 1124 3278 duae

107 3305 351 3381 propositiones
371 3304 577 3366 universales
592 3302 751 3380 qualitate
766 3299 946 3374 discordes,
974 3298 1128 3359 dicuntur

108 3387 304 3458 coutraria;
342 3385 585 3461 propositiones
619 3381 834 3458 particulares
865 3381 994 3441 ratione
1024 3377 1126 3438 solius

109 3464 275 3540 qualitatis
310 3462 483 3526 dissimiles
514 3467 672 3526 vocantur
704 3461 948 3522 subcontrariae.
978 3456 1126 3520 Tandem

108 3547 269 3604 vocantur
279 3546 547 3617 contradictoria,
562 3540 695 3622 quando
706 3540 803 3602 simul
813 3541 991 3616 quantitate
1003 3543 1031 3609 ct
1041 3553 1126 3612 qua-

110 3623 200 3684 litate
222 3622 403 3686 differunt:
433 3625 461 3686 si
481 3629 592 3687 tamen
620 3619 810 3700 subjectum
834 3624 924 3681 esset
944 3617 1124 3697 singulare,
