2650 4242
459 136 572 200 182
1065 158 1423 205 Bnnvmmuu
1463 157 1864 203 pmnosopmAE
1905 177 1909 181 .
1987 154 1991 159 ·

535 269 753 332 Unitas
777 267 1121 340 artificialis
1145 273 1213 331 et
1231 271 1738 351 aggregationis
1773 275 1874 332 est
1895 271 2096 333 etiam
2125 274 2354 333 unitas
2365 288 2480 346 per

457 349 928 420 accidenffiseu
967 349 1336 412 secundum
1365 349 1631 429 aliquod
1661 351 1990 428 accidenS,
2053 351 2218 412 dum
2267 352 2480 412 unitas

452 422 979 492 indivisibilitatis
1009 434 1077 491 et
1105 430 1418 493 naturalis
1445 430 1602 492 facit
1633 447 1752 492 ens
1779 447 1986 492 unum
2021 447 2146 507 per
2203 447 2296 505 se,
2365 445 2480 491 seu

455 506 824 570 secundum
880 511 1095 588 ipsum
1154 527 1301 573 esse
1359 510 1539 588 quod
1626 515 1814 571 estet
1853 509 2090 573 dicitur
2127 526 2346 572 unum
2375 509 2476 588 (l).

457 587 691 649 Omnia
721 589 898 650 enim
920 590 1105 650 entia
1134 605 1275 668 quae
1303 589 2044 668 uniunturad'primum
2079 593 2480 666 conceptum

449 669 575 743 rei,
597 671 734 730 sive
765 669 1126 746 composita
1174 671 1305 730 sint
1360 670 1644 743 realiter,
1683 674 1854 749 ¹sive
1897 671 2179 742 ratione,
2229 670 2479 731 habent

453 749 775 809 unitatem
791 765 912 826 per
942 765 1044 821 se;
1082 753 1233 827 quia
1271 751 1489 810 unitas
1512 764 1637 827 per
1655 765 1728 810 se
1759 751 2058 828 sequitur
2081 767 2202 812 ens
2223 765 2355 829 per
2382 765 2474 822 se,

450 831 525 888 et
549 829 765 890 unitas
792 827 1251 907 peraccidens,
1285 833 1409 891 ens·
1445 845 1566 907 per
1594 830 1927 892 accidens,

1006 957 1072 1009 ΙΙ.
1092 927 1176 1010 ⁸De
1200 955 1528 1011 multitudine
1557 943 1609 1010 et
1631 975 1869 1012 numm-0.

532 1075 671 1136 301.
721 1108 799 1118 —
853 1074 1094 1136 Unitati
1151 1075 1504 1152 opponitur
1556 1073 1932 1148 multitude,
1993 1091 2136 1154 quae
2191 1074 2477 1136 habetur

453 1155 717 1232 quando
765 1153 992 1216 divisio
1034 1155 1102 1216 in
1131 1160 1284 1216 ente
1316 1155 1697 1230 concipitur.
1745 1156 1903 1216 Hinc
1929 1161 2150 1234 potest
2172 1152 2470 1216 definiri:

448 1236 707 1318 Entt‘um
738 1234 988 1295 div-iste.
1040 1235 1207 1326 Ergo
1267 1233 1354 1294 ad
1395 1233 1882 1296 multitudinem
1941 1234 2475 1296 constituendam

447 1313 688 1376 >sufficit
714 1314 931 1392 aliqua
960 1312 1213 1387 divism,
1248 1331 1388 1392 quae
1416 1331 1624 1395 unum
1641 1317 1710 1377 in
1738 1315 1920 1392 plura
1946 1316 2037 1377 ita
2066 1315 2385 1384 resolvat,
2409 1319 2477 1374 ut

445 1393 797 1472 quodlibet
830 1409 1059 1454 eorum
1100 1408 1232 1454 non
1261 1394 1342 1455 sit
1373 1394 1570 1464 aliud,
1612 1395 1763 1456 licet
1807 1395 1942 1457 haec
1982 1395 2174 1472 plura
2220 1393 2476 1472 possint

446 1477 621 1536 inter
651 1489 724 1534 se
754 1474 974 1551 aliquo
1007 1489 1182 1535 nexu
1212 1474 1556 1554 conjungi3
1588 1491 1649 1536 v.
1691 1491 1758 1553 g.
1809 1476 2109 1537 membra
2151 1476 2468 1552 corporis,

439 1552 694 1616 ,Eadem
710 1553 911 1634 igitur
921 1569 1025 1615 res
1039 1557 1422 1631 potestesse
1449 1555 1817 1616 secundum
1839 1555 2125 1632 aliquam
2145 1553 2474 1616 rationem

446 1649 605 1706 una,
664 1633 1033 1694 secundum
1086 1634 1303 1704 aliam,
1362 1634 1570 1695 multa
1602 1655 1617 1696 ε
1649 1649 1710 1696 v.
1752 1651 1819 1713 g.
1881 1635 2171 1698 essentia
2215 1634 2323 1694 rei
2378 1637 2472 1695 est

448 1729 607 1788 una,
664 1713 819 1775 licet
860 1717 1079 1790 partes
1124 1713 1510 1775 essentiales
1541 1714 2002 1793 etintegrales
2033 1716 2164 1776 sint
2215 1714 2466 1791 plures,

528 1793 667 1854 305.
702 1826 799 1865 -,
822 1791 984 1854 Cum
1010 1808 1200 1868 mens
1228 1793 1716 1855 multitudinem
1743 1795 2022 1872 percipit
2051 1801 2120 1856 et
2162 1794 2233 1855 in
2265 1809 2472 1854 unum

441 1872 696 1952 <colligit
724 1873 807 1935 ob
839 1872 1124 1950 aliquam
1152 1875 1474 1934 rationem
1505 1889 1947 1944 communem,
2011 1875 2302 1953 concipit
2359 1889 2470 1934 nu-

446 1967 722 2025 merum,
761 1953 873 2030 qui
904 1957 1007 2013 est
1034 1951 1321 2013 collectio
1378 1957 1701 2014 unitatum
1750 1954 1816 2014 in
1865 1954 2102 2032 aliqua
2144 1955 2474 2014 communi

445 2033 671 2107 forma
697 2030 1214 2092 convenientium.
1250 2030 1407 2092 Idea
1433 2033 1690 2094 numeri
1721 2047 1879 2111 ergo
1904 2035 2164 2095 constat
2196 2051 2209 2092 ε
2252 2035 2316 2093 1⁰
2333 2031 2466 2093 uni-

450 2115 609 2184 tate,
640 2113 706 2173 2⁰
736 2109 1074 2183 divisione,
1106 2111 1167 2171 3⁰
1196 2111 1641 2190 similitudine.
1687 2111 1964 2188 Quando
1985 2111 2350 2173 similitudo
2376 2115 2469 2172 est

448 2190 907 2264 determinata,
937 2208 999 2253 v.
1022 2207 1091 2269 g.
1127 2188 1257 2251 duo
1278 2192 1603 2267 homineS,
1635 2206 1951 2254 numerus
1982 2197 2084 2254 est
2113 2196 2467 2262 concretus,-

449 2270 713 2350 quando
740 2276 842 2333 est
863 2271 1393 2348 indeterminata,
1425 2287 1545 2333 seu
1576 2287 1657 2332 ex
1685 2273 1952 2335 notione
1977 2270 2469 2334 transcendenti

446 2351 791 2428 repetitur,
835 2366 1151 2413 numerus
1184 2349 1420 2412 dicitur
1446 2353 1826 2422 abstractus,
1857 2369 1917 2414 v.
1965 2367 2036 2430 g.
2071 2350 2224 2413 du0.

529 2431 751 2493 Unitas
805 2430 1279 2502 mathematica,
1331 2446 1471 2508 quae
1528 2437 1628 2493 est
1678 2433 1896 2493 unitas
1940 2436 2016 2513 ut
2063 2433 2470 2493 elementum

447 2510 728 2582 numeri,
776 2511 1125 2587 conceptui
1152 2510 1418 2580 unitatis
1447 2509 1630 2576 addit
1679 2511 1859 2590 quod
1899 2512 1983 2573 sit
2006 2514 2228 2575 unitas
2257 2512 2331 2573 in
2365 2527 2468 2587 ye-

446 2606 607 2660 nere⁶
630 2591 1032 2668 quantitatis.

1022 2715 1051 2787 5
1078 2715 1141 2772 11.
1173 2717 1254 2772 De
1272 2715 1501 2772 unitate
1521 2716 1892 2774 individuali.

530 2838 666 2901 306.
699 2872 777 2883 —
802 2839 1023 2902 Unitas
1052 2837 1468 2901 individualis
1497 2842 1848 2919 opponitur
1862 2840 2239 2911 universali,
2289 2845 2355 2902 et
2375 2841 2465 2902 in-

454 2918 788 2979 dividuum
810 2915 1031 2990 afficit,
1064 2919 1244 2996 quod
1256 2919 1502 2990 multis,
1530 2926 1843 2998 tanquam
1863 2919 2310 2996 inferioribuS‚
2331 2937 2465 2983 non

450 3006 554 3058 eal.
586 2999 1147 3060 communicabile.

534 3077 941 3140 ludividuum
974 3076 1277 3140 definitur
1310 3099 1325 3140 :
1372 3080 1448 3140 Id
1465 3080 1637 3156 quod
1681 3081 1748 3141 in
1767 3079 2025 3157 plura,·
2053 3081 2222 3142 talia
2277 3079 2467 3158 quale

450 3158 664 3234 ipsam
692 3163 802 3232 est,
851 3159 1057 3220 dividi
1092 3160 1334 3236 nequit.

510 3286 554 3338 [1
606 3283 738 3336 Vide
765 3283 991 3335 diversas
1020 3285 1384 3351 descriptiones
1415 3285 1564 3336 unius
1601 3300 1704 3350 per
1745 3302 1803 3336 se
1829 3291 1883 3337 et
1908 3287 2054 3336 unius
2090 3302 2197 3350 per
2223 3288 2465 3338 accidens

446 3362 546 3410 apli
614 3347 857 3416 qutad0‚
885 3347 1166 3412 Metaphys.
1214 3349 1347 3413 disp.
1377 3361 1450 3409 ιν,
1502 3363 1544 3398 8.
1575 3348 1623 3410 3,
1651 3347 1738 3411 qui
1762 3348 1836 3398 sic
1863 3348 2039 3399 definit
2063 3364 2222 3399 unum
2249 3364 2338 3414 per
2364 3364 2418 3398 se
2451 3362 2463 3397 :

450 3413 538 3458 Est
570 3424 650 3458 tes
675 3407 891 3458 indivisa
919 3408 973 3457 in
1006 3424 1060 3458 se
1087 3416 1327 3460 constans
1354 3425 1458 3459 uno
1485 3415 1748 3474 conceptu,
1775 3411 1853 3459 vel
1877 3410 2106 3476 pluribus
2150 3411 2462 3460 constituen-

450 3474 486 3538 ti
502 3474 590 3582 {us
618 3469 834 3582 prifflum
862 3470 1255 3537 quidditativum
1288 3477 1588 3537 conceptum
1625 3471 1720 3534 rei,
1759 3471 1843 3522 vel
1896 3472 2036 3524 illam
2069 3472 2464 3523 substantialiter

450 3550 502 3582 m
530 3547 685 3598 egi-nn
762 3547 840 3582 un.
