2650 4242
198 244 257 307 216
500 262 680 309 aanrrsamu
700 260 904 307 3330300333

197 375 369 437 diversitas
384 390 451 437 non
471 381 522 437 est
536 376 659 454 aliquid
688 393 724 438 re
748 376 939 438 distinctum
959 374 1000 434 ab
1015 374 1094 449 ipsis
1117 375 1203 437 reali-

196 455 319 516 tatibus
343 456 515 517 linearum.
541 458 632 523 11031.
663 457 779 533 positis
806 456 935 517 duabus
961 454 1200 531 quantitatibus,

196 534 245 596 hae
260 535 536 596 suntneeessario
552 537 604 596 vel
627 538 769 614 aequales
796 535 850 597 vel
869 534 1059 610 inaequales
1086 534 1203 611 absque

197 614 263 675 ulla
283 615 431 675 realitate
459 613 648 677 adventitia.
674 617 758 693 Ergo
786 616 901 675 relatio
931 614 1061 673 ratione
1086 616 1205 674 tantum

198 690 1204 771 differtasuofundamento,seuestipsaentitasfundamenti‚

196 788 266 836 303
280 775 423 833 solitarie
447 780 591 850 sumpta,
615 774 676 835 sed
690 779 789 853 prout
811 775 964 834 connotat
986 775 1164 833 terminum
1177 773 1205 831 in

198 854 345 929 obliquo.
548 869 550 873 ·

239 933 309 993 375.
333 967 371 975 -
392 934 438 991 Ex
453 931 545 992 dictis
559 934 705 1009 sequitur
730 930 923 993 relationem
946 928 1064 990 reduci
1079 930 1149 989 sive
1170 929 1207 989 ad

145 1025 148 1031 ’
199 1013 457 1073 convenientiam
480 1017 536 1071 aut
550 1012 801 1088 discrepantiam
825 1027 895 1088 qum
910 1011 997 1069 inter
1012 1010 1109 1084 plura
1126 1008 1209 1069 entia
1310 1022 1311 1047 ¹

196 1090 383 1164 in'ercedlt‚
393 1091 461 1151 sive
476 1090 647 1151 adnexum
655 1094 712 1169 qui
726 1089 901 1151 intercedit
916 1088 1166 1149 intereffectum
1181 1094 1211 1148 et

200 1186 343 1241 eausam,
374 1171 565 1247 principium
595 1176 629 1230 et
647 1171 885 1247 principiatum.
912 1170 947 1229 V.
978 1185 1028 1247 gr.
1046 1168 1211 1244 aequatttas

198 1264 374 1327 emergens
390 1266 428 1309 ex
444 1250 673 1309 convenientia
688 1251 889 1327 quantitatis,
907 1247 1077 1309 diversitas
1094 1262 1137 1306 ex
1152 1245 1212 1306 dis-

198 1330 365 1405 crepantia
383 1329 556 1405 qualitatis,
578 1331 692 1389 relatio
708 1329 920 1405 producentis
945 1326 987 1388 ad
1010 1324 1213 1404 productum

197 1415 254 1468 aut
267 1408 419 1486 producti
430 1407 472 1467 ad
484 1408 735 1485 producentem,
745 1409 879 1474 seilicet,
893 1408 962 1467 aliis
977 1406 1100 1479 verbis,
1114 1421 1228 1484 agen--

197 1489 237 1547 tis
261 1486 303 1548 ad
324 1488 453 1563 patiens
477 1504 537 1548 seu
560 1488 769 1563 productum,
796 1493 950 1564 tanquam
967 1486 1011 1545 ad
1040 1488 1213 1545 terminum

196 1567 425 1659 3303030313,
444 1572 476 1627 et
490 1567 641 1643 producti
671 1566 713 1627 ad
736 1582 840 1645 agens
862 1573 1017 1643 tanquam
1032 1564 1076 1624 ad
1091 1565 1213 1641 princi-

195 1662 286 1723 pium
299 1662 351 1708 sur
366 1661 451 1706 esse.

517 1797 549 1844 Il.
563 1795 704 1859 Quotuplex
721 1792 754 1843 sit
766 1794 875 1843 relatiot

237 1963 308 2023 376.
322 1998 359 2005 -
371 1965 394 2024 Ι.
410 1964 534 2024 Relatio
557 1961 658 2024 dividi
674 1963 775 2023 debet
789 1964 822 2024 in
837 1965 962 2024 realem
978 1968 1011 2023 et
1033 1962 1190 2041 logicam.

237 2043 361 2104 Relatio
372 2048 424 2103 est
437 2044 538 2103 realis
552 2042 685 2119 quando
699 2044 791 2121 viget
803 2046 889 2105 inter
903 2060 957 2103 res
976 2041 1217 2119 independen-

197 2125 248 2182 ter
261 2122 302 2183 ah
323 2123 510 2183 intellectus
526 2123 788 2184 consideratione
806 2140 812 2180 ε
830 2139 859 2182 v.
878 2139 924 2201 g.,
942 2122 1058 2182 relatio
1073 2123 1216 2201 alicujus

196 2202 306 2278 operis
325 2202 367 2261 ad
378 2200 543 2261 artificem.
570 2204 695 2262 Relatio
711 2203 808 2263 realis
823 2202 923 2263 habet
935 2219 999 2262 esse
1012 2204 1047 2261 ia
1063 2201 1153 2279 quod
1181 2202 1215 2261 in

196 2282 315 2341 creatis
330 2285 380 2340 est
395 2283 550 2342 accidens
565 2284 597 2341 13
611 2282 779 2359 330]0010;
805 2281 908 2355 unde,
930 2284 1048 2358 praeter
1075 2296 1216 2359 respec-

195 2364 264 2420 tum
277 2360 471 2420 adalindest
487 2361 582 2420 etiam
597 2360 720 2438 aliquid
736 2360 837 2430 reale,
854 2364 1018 2437 quatenus
1033 2360 1121 2421 inest
1136 2362 1215 2423 sub-

194 2441 335 2511 stantiae;
361 2441 474 2499 relatio
491 2440 579 2500 enim
594 2458 664 2518 que
679 2441 769 2501 nullo
788 2440 886 2501 modo
902 2444 999 2510 inest,
1018 2446 1068 2500 est
1094 2441 1212 2501 relatio

192 2518 338 2582 rationis.

234 2599 358 2660 Relatio
375 2597 493 2658 dicitur
507 2598 626 2671 topice,
642 2614 703 2659 seu
717 2599 862 2671 rationis,
887 2597 1019 2675 quando
1045 2599 1085 2659 ab
1115 2598 1214 2659 intel-

194 2677 284 2738 lectu
299 2678 498 2746 efferaretur,
517 2677 638 2753 quinin
652 2678 753 2738 rebus
773 2678 853 2752 ipsis
874 2682 995 2756 vigeat,
1014 2692 1098 2748 cum,
1116 2693 1145 2737 v.
1160 2692 1211 2755 g.,

196 2758 319 2834 aliquid
333 2756 376 2817 ad
398 2758 614 2833 semetipsum
629 2756 780 2817 retertur.
796 2758 941 2818 Habetur
955 2756 1087 2835 quando
1113 2760 1210 2829 ratic,

195 2835 246 2895 bis
262 2836 395 2914 aliquod
409 2853 513 2897 unum
532 2835 800 2912 apprehendens
815 2836 916 2897 refert
940 2853 1043 2898 unum
1065 2852 1210 2913 concep-

195 2919 265 2976 tum
278 2915 320 2975 ad
342 2917 453 2987 aliurn,
469 2933 507 2976 ae
529 2916 557 2975 si
569 2917 732 2976 haberent
750 2917 782 2975 hi
806 2917 998 2977 relationem
1023 2914 1210 2977 similitudi-

193 2995 256 3064 nis⁹
279 3011 309 3055 v.
327 3012 360 3073 g.
377 2999 551 3071 respectus
565 2996 799 3056 universalium
815 3002 847 3057 et
861 2996 1081 3056 intentionum
1091 3011 1212 3056 secun-

194 3074 312 3134 darum
332 3074 374 3134 ad
401 3091 461 3136 333
482 3076 646 3148 interiora,
678 3091 696 3134 3
719 3076 837 3152 quibus
856 3076 990 3136 realiter
1009 3090 1076 3135 non
1093 3074 1212 3136 distin-

216 3158 350 3214 uuntur.

192 3169 216 3232 g
234 3234 269 3291 ll.
287 3233 409 3293 Relatio
425 3232 581 3293 latissime
597 3237 726 3309 sumpta
751 3232 906 3295 dividitur
919 3236 952 3295 in
968 3231 1209 3293 transcenden-

195 3312 294 3372 talem
311 3317 344 3371 et
364 3310 696 3387 predicamentalern.

232 3392 357 3451 Relatlo
371 3392 674 3465 praedicamentalis
695 3408 765 3468 quae
790 3389 958 3453 constituit
975 3389 1210 3466 praedicamen-

193 3474 260 3530 tum
275 3469 316 3530 de
332 3486 397 3547 quo
413 3471 553 3547 agimus,
567 3477 617 3530 est
630 3488 732 3548 purus
747 3472 827 3532 ordo
838 3472 935 3531 unius
947 3470 988 3531 ad
1000 3468 1102 3537 aliud,
1117 3486 1149 3530 v.
1159 3484 1208 3547 g.‚

191 3551 382 3625 paternitas,
398 3547 520 3611 filiatio.
540 3553 583 3608 lta
599 3550 789 3613 denominat
813 3548 1059 3611 accidentaliter
1074 3549 1210 3627 subjec-

192 3632 274 3700 tum,
289 3634 327 3689 ut
341 3632 447 3689 totum
462 3627 536 3703 ejus
558 3629 685 3690 essesit
699 3646 782 3705 pure
805 3629 847 3690 ad
863 3630 961 3691 aliud.
986 3629 1079 3691 Unde
1100 3629 1208 3689 solum
1310 3634 1311 3645 ¹
