2650 4242
193 211 272 279 10'3.
500 223 682 281 saeviamus
701 237 909 282 rnttosornna

275 274 323 369 Χ

232 351 303 412 tat.
379 349 400 408 l.
413 348 602 424 lpnarantia
616 349 673 430 (a).
694 352 785 412 Mens
805 351 961 430 imprimis
971 357 1075 430 potest
1089 353 1230 429 concipi

191 373 411 574 tanquan&

191 528 260 572 non
285 518 361 589 pote

193 593 248 654 tali
264 593 393 670 objecto
411 613 418 653 :
436 588 463 652 ἔτ
486 589 550 650 huc
565 591 599 650 in
614 598 701 652 statu
715 589 903 666 ignorantia
920 591 1095 654 detinetur.

1314 216 1318 246 r

1315 267 1317 306 l

407 430 613 507 camobjecti
625 431 751 491 nullam
766 432 900 504 habens,
918 440 950 494 et
968 439 1045 494 ωηο
1068 432 1229 509 profecto
1316 485 1318 510 ,

363 530 379 573 s
413 523 629 586 cognoscere
659 509 920 574 conformitatem
952 512 1102 574 idearum
1141 529 1230 574 curn

233 674 418 752 Ignorantia
439 673 507 751 dup
546 687 568 730 x
587 668 746 750 distingui
761 673 855 740 solet,
877 689 998 749 nempe
1027 675 1229 752 ignorantia
1316 673 1318 752 ζ

188 767 304 826 pravae
318 754 546 827 dispositionis,
592 767 612 812 e
628 767 693 827 qua
708 760 823 826 postea
845 768 994 831 agemus,
1014 757 1046 814 ct
1059 753 1229 832 ignoran-

192 833 235 892 tia
249 836 411 908 nepatiaa,
429 850 499 910 qua
513 849 560 893 nu
625 830 862 895 consideratur.
962 838 964 843 '

233 914 419 990 Ignorantia
434 913 501 974 hac
521 930 556 973 es
601 911 709 972 totalis
733 914 786 974 vel
809 911 964 986 partialis,
979 919 1076 990 prout
1089 915 1229 974 nullam
1317 965 1318 978 .

192 1008 327 1069 prorsus
342 992 464 1071 objecti
476 992 576 1054 idean
616 990 789 1070 habemus,
806 995 860 1056 vel
883 992 1008 1071 aliquid
1023 999 1151 1054 tanturn
1179 992 1229 1054 ad
1316 991 1318 998 ⁴

192 1071 602 1150 objectumpertinensn„
642 1072 732 1133 latet.
765 1135 766 1138 ,

234 1153 302 1214 lca.
320 1188 358 1196 —-
373 1155 413 1214 ll.
430 1144 707 1223 Daciamsi'dens
725 1151 943 1232 ignorantiam
958 1156 1139 1226 excutiens
1162 1153 1228 1214 ali·
1316 1149 1317 1152 ’

192 1249 292 1310 quam
307 1236 376 1294 veri
390 1235 538 1293 notitiam
552 1221 693 1534 assiam
708 1239 824 1308 potest,
838 1235 879 1293 ita
897 1239 1009 1293 tamen
1029 1240 1065 1293 ut
1088 1232 1129 1293 ad
1160 1234 1228 1294 ali·
1316 1253 1318 1262 ⁴

192 1311 284 1390 quod
295 1312 458 1391 judicium
474 1311 605 1388 profare
659 1328 715 1372 um
731 1326 795 1372 non
811 1312 993 1392 gradiatur3
1017 1317 1094 1374 lunc
1108 1330 1229 1374 rema-

191 1397 250 1454 net
264 1395 298 1454 in
309 1400 396 1454 statu
411 1392 514 1457 dubii,
533 1410 598 1470 quo
626 1391 772 1452 ldefiniri
789 1398 898 1469 potest
916 1415 922 1453 :
943 1395 1108 1468 suspensio
1123 1409 1230 1455 naen-

191 1476 232 1533 tis
245 1475 335 1533 inter
350 1478 525 1547 atramque
544 1490 591 1548 pa
609 1528 618 1540 .
647 1488 679 1531 nt
713 1475 986 1534 contradictionis.
1011 1475 1104 1533 Juxta
1125 1475 1228 1534 hanc
1316 1483 1318 1537 l

192 1550 429 1624 definitionem,
447 1550 585 1611 dubium
600 1551 744 1627 {abatur
763 1551 896 1630 quando
917 1556 1003 1613 inter
1030 1553 1110 1614 duas
1131 1568 1226 1629 pro·
1315 1601 1318 1626 ,

191 1621 656 1709 positionescontradictorias
672 1647 765 1692 mens
780 1637 931 1694 remanet
955 1649 1092 1709 anceps
1119 1637 1158 1694 et
1188 1633 1227 1693 in
1316 1633 1318 1666 ³

193 1719 347 1772 neutram
363 1717 491 1789 partem
506 1711 692 1792 inclinatur.

232 1793 377 1854 Dubium
400 1791 782 1866 dividiturinptsntvum
798 1795 831 1850 et
853 1791 1054 1870 negativum.

206 1898 209 1902 ·
234 1873 375 1932 Dubium
391 1870 508 1931 dicitur
517 1856 694 2010 pasitiagni
704 1870 836 1948 quando
848 1871 921 1932 haec
932 1872 1105 1948 suspensio
1117 1887 1224 1932 men·

193 1947 278 2012 tisiit
291 1968 380 2011 eaeo
401 1954 488 2026 qnod
506 1952 633 2010 ratione
650 1967 727 2025 puae
739 1966 803 2025 pra
818 1969 887 2011 nna
907 1951 1127 2027 propositione
1151 1952 1224 2010 mi-

193 2031 300 2102 litant,
329 2033 537 2091 destruantur
560 2046 622 2105 per
643 2033 785 2092 rationes
811 2047 880 2106 anae
915 2032 1055 2092 atterant
1082 2047 1222 2106 propo-

193 2111 341 2172 sitionem
355 2113 500 2183 suadent,
525 2113 558 2170 et
579 2112 625 2171 sic
646 2111 802 2187 utrinque
823 2111 1012 2172 intellectus
1033 2125 1130 2188 aeque
1161 2114 1219 2170 at·
1317 2177 1318 2190 χ

198 2195 321 2251 tractus
335 2189 451 2249 haeret.

234 2271 379 2331 Dubium
395 2267 512 2330 dicitur
534 2270 730 2343 cepaticum,
756 2267 888 2346 quando
916 2286 957 2330 ex
978 2275 1095 2331 neutra
1116 2274 1223 2346 parte
1316 2313 1318 2320 .

195 2350 406 2426 reperiuntur
426 2351 569 2410 rationes
585 2349 704 2425 quihus
729 2361 823 2408 mens
847 2349 889 2409 ad
909 2349 1125 2426 judicandum
1148 2351 1221 2409 im·
1316 2361 1317 2364 ’

193 2431 347 2507 pellatur,
371 2429 421 2490 vel
445 2428 561 2488 saltem
576 2427 708 2504 quando
725 2429 791 2488 istae
815 2429 960 2490 rationes
985 2436 1062 2490 sunt
1082 2429 1219 2492 levissi-

194 2525 266 2579 mae,
294 2511 339 2570 ita
373 2513 409 2568 ut
444 2507 625 2571 attentione
656 2523 724 2567 non
745 2507 808 2568 sint
831 2507 952 2587 dignae.
976 2511 1043 2570 Hoc
1066 2508 1216 2570 dubium

195 2589 387 2668 negativum
402 2585 516 2647 reduci
538 2589 647 2663 potest
668 2585 709 2646 ad
725 2587 944 2664 ignorantiam
966 2589 1147 2665 partialem.

229 2671 305 2745 163.
323 2705 361 2714 -
375 2669 425 2728 lll.
444 2667 595 2742 opinioei
608 2667 831 2742 probabilitas.
856 2669 946 2728 Mens
967 2672 1078 2744 potest
1099 2668 1220 2730 ideam

195 2765 257 2809 seu
284 2748 543 2826 propositionem
572 2746 715 2822 aliquam
743 2763 957 2825 cognoscere,
980 2749 1025 2809 ita
1040 2753 1151 2809 tamen
1176 2753 1219 2810 ut

194 2829 268 2889 haec
284 2828 441 2906 cognitio,
462 2826 540 2886 licet
555 2825 722 2887 sufficiens
743 2826 786 2886 ad
800 2843 973 2890 assensum
988 2827 1217 2889 determinan-

196 2909 287 2980 dum,
311 2923 377 2969 non
400 2907 441 2967 sit
455 2907 553 2981 plena
576 2912 608 2966 et
631 2903 778 2982 perlecta
801 2924 909 2984 neque
932 2923 1065 2968 amnem
1090 2909 1217 2968 erroris

193 2986 405 3049 formidinem
428 2985 591 3048 excludat.
619 2988 710 3070 tiens
732 2990 808 3046 ωηο
824 2992 973 3049 versatur
986 2989 1020 3048 in
1034 2992 1122 3048 statu
1137 2989 1214 3065 opi-

195 3083 314 3128 nionis,
986 3117 988 3122 .

126 3170 127 3173 ¹
238 3145 354 3222 Opinio
377 3143 505 3205 definiri
534 3148 642 3221 potest
666 3163 673 3204 ε
698 3161 842 3206 assensus
866 3149 978 3207 naeniis
1014 3150 1047 3208 in
1071 3148 1218 3208 atterant

196 3226 457 3287 contradictionis
473 3231 613 3301 partem,
636 3225 693 3284 scd
714 3240 789 3284 carn
810 3226 987 3300 formidine
1010 3228 1047 3287 de
1076 3230 1218 3288 alterins

192 3308 302 3383 partis
335 3305 479 3364 acritate.
519 3303 635 3380 Opinio
669 3303 825 3364 subaudit
859 3305 940 3365 duas
969 3307 1215 3384 propositiones

197 3383 481 3452 contradictorias;
505 3390 538 3444 at
560 3383 708 3444 differta
730 3384 828 3444 dubio
860 3401 900 3444 ex
926 3401 964 3448 eo
988 3386 1078 3464 quod
1110 3403 1215 3449 unam
1318 3407 1319 3422 ¹

197 3482 262 3543 prae
277 3465 379 3526 altera
398 3463 619 3541 amplectitur,
636 3463 716 3524 dum
731 3463 867 3524 dubium
881 3469 998 3526 neutro
1014 3466 1168 3528 adheret.

229 3642 267 3698 (a)
278 3638 312 3687 D.
325 3635 417 3685 Thom.
431 3633 459 3681 iu
472 3608 516 3682 lib.
527 3635 550 3683 Π
562 3634 738 3697 Metapltpsic.
746 3635 805 3684 lect.
820 3635 840 3696 l,
850 3634 877 3684 in
888 3637 921 3689 tv
931 3639 1103 3702 metaphysic.
1113 3607 1172 3690 leci.
1184 3638 1208 3690 6.
