2650 4242
73 10 346 130 ,Γ

454 281 569 324 coarcte
589 279 662 326 rins
684 284 705 325 1.
1045 266 1080 326 81

266 441 329 506 §ll
346 441 387 494 De
402 437 586 508 syllogistica
604 435 777 508 disputandi
790 437 896 493 forma.

108 555 183 618 126.
195 589 234 600 -
244 555 426 631 Disputatio
436 553 501 614 late
510 558 639 629 sumpta
651 559 701 614 est
711 553 867 631 quaelihet
877 563 1085 631 argumenta·

63 635 111 697 tio
130 635 176 697 ad
187 636 338 708 alterum,
362 633 404 694 ad
419 633 542 710 aliquid
558 633 822 696 elsuadendum.
849 634 882 703 Si
908 635 1009 694 finem
1032 636 1085 694 in·
1163 693 1166 698 ,
1267 667 1270 672 -

64 719 204 777 tentum
225 723 425 792 spectemus
443 714 589 790 ictuplex
609 713 830 793 distinguitur,
847 717 1028 791 quotuplex
1038 716 1084 776 in·

65 795 167 856 tendi
181 799 294 872 potest
307 795 390 858 linis.
403 792 525 855 Dicitur
549 812 556 855 :

112 876 145 936 1⁰
169 876 370 951 apodictica,
395 889 456 934 seu
481 872 735 934 demonstrativa
755 871 819 934 lato
844 887 956 944 sensu,
984 889 1087 951 quum

64 953 253 1020 instituitur
273 953 316 1014 ad
330 955 473 1030 aliquam
487 955 657 1014 veritatem
672 951 766 1012 alteri
789 950 1007 1028 suadendam,
1032 955 1086 1014 vel

66 1033 352 1095 confirmandam:
368 1036 400 1094 2⁰
414 1033 575 1103 eleccticc,
599 1049 660 1093 seu
674 1030 895 1110 redargutiva,
921 1035 949 1094 si
968 1031 1024 1094 fiat
1043 1033 1086 1094 ad

69 1115 279 1176 sententiam
294 1113 335 1174 ah
357 1114 459 1173 altero
474 1116 628 1174 statutam
644 1110 916 1190 impugnandam,
940 1111 1008 1175 sive
1023 1114 1087 1174 hu-

66 1196 126 1271 jus
136 1192 314 1254 falsitatem
329 1192 549 1262 ostendendo,
566 1195 634 1254 sive
646 1191 907 1253 contradictoriae
917 1193 1087 1253 veritatem

69 1272 294 1346 stabiliend0;
324 1274 356 1333 3ο
385 1274 597 1349 apologetico,
633 1271 766 1348 quando
788 1273 959 1332 veritatem
982 1274 1086 1351 impu-

70 1360 215 1431 gnatam
229 1351 344 1414 tuendi
364 1368 462 1413 causa
476 1352 667 1422 instituitur;
691 1352 725 1411 4⁰
745 1351 926 1426 sophistica,
954 1353 1086 1430 quando

69 1435 108 1494 tit
133 1433 177 1494 ad
188 1433 412 1495 adversarium
428 1430 615 1510 cogendum
630 1439 667 1492 ut
681 1432 742 1492 sihi
757 1431 968 1503 contradicat,
984 1434 1037 1494 vel
1051 1437 1086 1493 ut

71 1509 1087 1592 aliquidadmittatsiveveritatimaniiestae,siveopinionivulgo
1129 1574 1132 1581 ,
1226 1518 1228 1527 “

70 1599 219 1670 recepta
235 1594 443 1654 contrarium.
457 1589 523 1652 Sed
538 1591 683 1669 quando,
698 1591 828 1652 duobus
841 1595 927 1653 inter
941 1609 977 1653 se
987 1609 1085 1671 argu·
1114 1662 1116 1665 ,

71 1668 1089 1748 mentantihus‚unusimpugnat,alterdefenditeamdemsen·

73 1753 228 1824 tentiam,
252 1753 392 1812 hahetur
411 1752 609 1812 concertatio
629 1749 816 1823 scientifica,
837 1767 898 1812 seu
913 1751 1088 1829 disputatio

72 1835 190 1894 stricto
203 1847 304 1892 sensu
312 1839 451 1907 sumpta,
466 1831 559 1906 cujus
567 1829 642 1891 finis
651 1845 720 1892 non
730 1834 782 1891 est
790 1831 997 1893 solummodo
1007 1835 1090 1894 veri·

75 1913 155 1972 tatis
172 1909 332 1981 defensio
355 1912 407 1971 vel
423 1913 540 1972 erroris
556 1909 745 1983 confutati0,
768 1909 828 1970 sed
849 1912 948 1971 etiam
965 1913 1091 1990 ingenii

76 1991 309 2068 doctrinaeque
325 1991 598 2068 experimentum,
614 1998 671 2051 aut
680 1989 870 2050 facultatum
880 1991 1091 2052 intellectiva-

76 2087 156 2132 rum
171 2071 324 2131 evolutio.
342 2073 379 2132 lit
400 2071 461 2132 suh
482 2070 544 2132 hoc
564 2077 718 2148 respectu
741 2069 858 2146 triplex
883 2069 1093 2150 distinguitur

77 2151 259 2228 disputatio
278 2170 285 2210 ε
303 2146 335 2228 a)
351 2153 537 2223 communis,
550 2165 652 2226 quum
674 2150 812 2210 liberum
826 2150 1005 2212 disserendi
1025 2170 1092 2214 rno-

78 2231 164 2293 dum
185 2236 304 2299 servat,
328 2237 363 2290 ut
393 2233 425 2291 in
450 2229 620 2306 colloquiis
643 2227 855 2306 quotidianis;
871 2228 903 2308 b)
921 2236 1091 2300 socratica,

79 2309 162 2372 dum
178 2326 238 2386 per
258 2311 532 2388 interrogationes
554 2316 587 2371 et
606 2312 840 2386 responsiones
865 2311 1026 2388 procedit,
1047 2313 1093 2372 sic

78 2388 258 2452 artificiose
281 2392 435 2466 quaesitas
450 2397 483 2449 et
501 2390 664 2467 gradatim
689 2387 875 2464 dispositas,
900 2397 937 2450 ut
960 2394 1094 2452 interro-

81 2470 277 2549 gationihus
290 2469 414 2545 positis,
436 2471 622 2530 necessario
648 2467 768 2529 dentur
791 2470 1025 2544 responsiones
1047 2474 1093 2530 in·

79 2555 204 2620 tentae3
222 2547 250 2626 c)
272 2549 481 2624 spitoptsttcc,
499 2548 632 2626 quando
648 2564 762 2609 severa
787 2549 968 2627 syllogismi
990 2550 1096 2610 farma

80 2629 241 2706 utrinque
265 2627 469 2690 concluditur
494 2648 501 2689 :
528 2630 601 2689 haec
623 2627 888 2705 frequentissime
910 2628 1093 2697 adhibetur,

82 2718 189 2787 atque
212 2712 263 2768 est
275 2707 376 2770 veluti
396 2709 506 2786 aliqua
526 2707 698 2785 applicatio
724 2724 900 2784 processus
924 2709 1096 2788 synthetici

83 2788 134 2849 ad
159 2791 317 2865 quasdam
339 2793 450 2862 partes
473 2788 611 2867 alicujus
639 2788 795 2848 scientiae.
825 2789 901 2848 llaec
921 2789 1097 2850 methodus

86 2865 281 2945 disputandi
308 2869 406 2928 etiarn
429 2868 620 2928 scholastica
642 2872 863 2942 nuncupatur,
890 2871 966 2945 quia
987 2869 1097 2931 media

86 2955 190 3010 aetate
217 2964 236 3008 a
268 2946 472 3009 Scholasticis
505 2953 692 3009 constanter
712 2947 771 3008 luit
791 2955 958 3023 usurpata,
994 2957 1027 3009 et
1050 2955 1100 3009 est

88 3043 194 3106 quam
221 3027 363 3088 maxime
387 3025 637 3088 accommodata
658 3026 701 3087 ad
728 3025 829 3087 finem
856 3026 1097 3105 disputationis,

87 3122 213 3184 nempe
233 3106 276 3168 ad
299 3107 470 3168 veritatem
496 3105 638 3168 dilucide
659 3106 945 3179 manifestandam,
969 3125 1102 3170 necnon

91 3187 136 3250 ad
175 3187 465 3264 intelligentiarum
499 3187 731 3248 evolutionem.
760 3188 808 3246 De
839 3187 899 3247 ista
930 3190 1101 3264 speciatim

90 3266 262 3347 agendum
282 3271 342 3338 est,
356 3273 424 3328 tum
441 3266 518 3343 quia
538 3264 717 3343 perfectior
735 3273 785 3327 est
797 3269 887 3339 inse,
899 3268 1104 3345 inquantum

90 3347 195 3488 utiturh
209 3347 399 3487 slyllogismo
413 3345 490 3426 (79),
514 3351 583 3407 tum
602 3347 679 3423 quia
693 3346 798 3423 magis
813 3347 866 3409 vel
879 3348 977 3409 unice
988 3352 1104 3410 usitata

91 3442 268 3490 mmom

138 3507 207 3571 127.
224 3539 264 3552 -
284 3507 319 3565 ln
345 3505 407 3566 hac
431 3507 557 3565 ratione
581 3500 769 3580 disputandi
789 3505 964 3567 methodus
986 3524 1106 3588 regere

95 3587 200 3649 debet
213 3586 281 3648 sive
303 3598 422 3648 munus
438 3583 646 3647 defendentis
660 3583 813 3645 veritates
828 3587 1022 3665 propositas
1039 3589 1107 3650 sive

95 3663 244 3730 officium
258 3667 426 3745 arguentis
438 3670 550 3726 contra
564 3663 734 3743 predictas
747 3667 913 3728 veritates.

439 3759 521 3812 Bm.
534 3760 610 3812 Pm.
624 3758 655 3812 Τ.
670 3759 693 3813 1.
704 3785 736 3800 -
748 3757 773 3811 6.
