2650 4242
493 283 573 328 soax
594 280 777 328 siscmicos
825 306 828 312 ,
1086 245 1227 327 295·

558 397 592 447 II.
606 396 644 445 De
658 395 748 445 forma.

164 498 271 552 Forma
284 496 434 567 estidper
443 496 522 567 quod
536 495 647 568 aliquid
661 495 704 552 fii.
717 499 823 551 Forma
838 498 884 551 θεῖ
894 495 1055 551 intrinseca

129 567 177 622 vel
186 567 363 635 extrinseca,
379 567 540 623 artificialis
552 568 598 622 vel
614 568 770 637 naturalis,
787 566 993 622 substantialis
1007 566 1057 621 vel

128 636 327 707 accidentalis,
342 638 542 708 metaphysica
555 640 604 693 vel
618 638 779 707 analogica.
1090 628 1160 691 245

164 710 284 763 ΤΗΕειε.
309 712 419 778 Formo,
434 712 533 763 saitem
553 710 680 780 physica,
697 714 735 762 cst
750 723 835 763 causo
842 710 955 777 proprie.
969 710 1053 771 dicta,

85 816 88 820 ψ
128 792 199 835 nam
212 778 263 833 dat
277 780 363 834 alicui
378 782 412 835 ut
425 780 465 834 sit
478 779 538 834 tale
551 793 613 834 ens,
1091 774 1148 833 244
1211 792 1212 795 ’

472 885 515 934 111.
526 885 564 933 De
572 898 647 934 causa
660 882 809 947 exemplari.

165 981 321 1052 Exemplar
334 985 381 1037 θεῖ
391 985 551 1055 conceptus
565 982 729 1053 objectivus
743 983 774 1037 in
789 981 874 1051 caius
884 982 1055 1039 similitudi-

130 1065 200 1107 nem
222 1050 256 1105 fit
270 1052 389 1122 aliquod
403 1069 476 1124 opus
490 1069 527 1109 ex
540 1054 706 1108 intentione
726 1054 886 1124 operantis.
907 1054 1056 1109 Dividitur

130 1123 281 1192 exemplar
295 1122 326 1176 in
340 1124 492 1179 internum
506 1129 536 1180 et
546 1128 712 1179 externum.
1030 1133 1038 1185 j
1088 1124 1143 1180 245

166 1195 285 1248 Tussis.
297 1195 448 1261 Exemplar
461 1202 575 1249 estvcro
583 1211 679 1259 occsa,
692 1209 760 1250 nam
769 1208 818 1250 ars
829 1193 866 1250 ad
876 1208 967 1264 opera
977 1195 1053 1249 aril-

129 1260 237 1319 flcialia
250 1266 411 1320 concurrit.
1089 1265 1144 1321 245

554 1468 682 1531 CAPUT
694 1468 731 1528 V.

416 1604 455 1645 mc
465 1604 586 1647 assium
601 1600 877 1647 pxxsxcxmmeos.

166 1704 311 1778 perfectio
321 1707 368 1760 est
378 1704 408 1760 id
422 1705 562 1776 quod‘eos
577 1707 675 1777 aliquo
686 1704 773 1761 modo
783 1704 919 1775 complet.
939 1704 1059 1761 Perfec-

130 1775 173 1834 tio
187 1777 235 1831 est
248 1776 297 1830 vel
310 1776 411 1830 totalis
425 1776 473 1831 vel
482 1776 625 1846 partialis,
1090 1776 1145 1835 246
1254 1780 1259 1787 “

166 1846 313 1901 perfectio
327 1846 428 1901 totalis
442 1846 586 1902 dividitur
595 1849 626 1901 in
641 1846 804 1903 absolutam
820 1845 867 1901 vel
886 1845 1054 1920 relativam,

131 1930 198 1988 quae
212 1919 258 1971 est
272 1916 321 1971 vel
335 1919 430 1986 major
445 1918 494 1972 vel
508 1919 606 1972 minor
620 1918 684 1973 sive
698 1919 831 1971 intensive
846 1916 894 1971 vel
909 1920 1053 1975 ostensive.
1090 1916 1145 1973 246

167 1986 312 2043 perfectio
325 1988 459 2057 partialis
473 1992 520 2043 est
534 1989 582 2044 vel
591 1989 716 2059 simplex
730 1989 778 2043 vel
792 1987 894 2044 mixta.
1091 1988 1145 2045 246

536 2113 733 2169 ARTICULUS
743 2114 765 2171 Ι.

303 2235 341 2289 Do
354 2238 462 2288 entium
471 2237 688 2304 perfectionibus
703 2236 795 2302 quoad
809 2236 977 2290 caetitatem.

291 2357 294 2361 ’
396 2358 448 2421 §l
464 2360 505 2413 De
519 2357 683 2427 composito
698 2361 728 2413 et
738 2327 876 2434 simplici.

526 2472 548 2519 1.
563 2471 600 2521 De
613 2468 761 2535 composito.

169 2577 369 2647 compositum
378 2581 425 2633 est
434 2576 464 2632 id
473 2576 552 2648 quod
562 2593 598 2632 ex
606 2578 743 2648 pluribus
753 2580 869 2633 constat
879 2577 968 2631 simul
975 2578 1061 2647 junc·
1144 2627 1146 2631 .

132 2648 183 2706 tis.
194 2648 342 2703 Dividitur
355 2650 387 2703 in
401 2649 512 2705 realem
523 2662 576 2705 seu
585 2648 752 2719 physicum,
763 2650 793 2703 et
803 2648 931 2717 logicum
943 2660 995 2703 seu
1005 2661 1065 2702 me·

132 2720 329 2790 taphysicum.
501 2772 504 2777 ,
806 2720 808 2722 ’
1092 2716 1146 2771 247

552 2822 586 2870 ll.
599 2822 638 2871 De
653 2820 770 2885 simplici.

168 2922 297 2992 Simplex
320 2924 400 2992 quod
414 2922 576 2992 composito
591 2922 760 2992 opponitur,
776 2934 830 2991 pec
844 2918 909 2991 ejus
924 2918 1058 2990 negatio-

133 3006 202 3048 nem
215 2992 364 3048 definitur.
1093 2990 1147 3047 248

168 3063 345 3133 Simplicitas
367 3065 465 3133 potest
480 3061 660 3118 considerari
681 3061 729 3116 vel
743 3060 877 3117 absolute
893 3060 942 3115 vel
956 3061 987 3115 in
1002 3062 1059 3117 ali·
1089 3058 1096 3065 ⁴

133 3146 192 3205 quo
202 3148 320 3202 genere.
1094 3132 1149 3190 248

168 3204 298 3274 Simplex
311 3204 347 3259 ab
367 3205 522 3259 inextenso
536 3202 646 3258 differt.
1094 3204 1148 3258 249

167 3276 289 3331 Tussis.
303 3275 382 3329 Notio
395 3276 530 3341 simplicis
545 3289 618 3327 merc
634 3274 764 3339 aepactae
787 3286 844 3325 non
867 3276 914 3335 cst,
936 3285 1004 3327 nam
1022 3271 1058 3327 ah

134 3346 228 3413 aliquo
242 3351 302 3399 cote
316 3344 446 3423 excludit
460 3343 715 3414 compositionem.
1095 3341 1149 3403 249

449 3452 510 3516 511.
525 3451 567 3504 De
582 3448 665 3504 finito
680 3452 710 3503 et
724 3446 851 3507 infinito.

170 3556 299 3613 Finitum
317 3561 364 3613 est
377 3559 408 3613 id
421 3556 502 3629 quod
518 3555 741 3613 limites'habet.
755 3552 907 3611 Infinitum
921 3552 999 3608 idem
1014 3554 1062 3609 est
1142 3608 1145 3615 ,

135 3642 172 3707 aa
183 3628 287 3685 limitis
295 3641 412 3699 expers.
434 3672 437 3677 .
1097 3622 1152 3683 249
