2650 4242
421 783 810 866 METAPHYSIOA

516 1243 713 1300 PROLOGUS.

104 1531 108 1534 -
145 1500 218 1562 261.
235 1497 628 1577 —Metaphysica,juxta
643 1501 708 1560 vim
727 1499 814 1560 vocis
841 1495 918 1577 [μετὰ
942 1524 977 1560 τα
1019 1505 1119 1581 arrad),

100 1579 196 1641 idem
211 1584 308 1640 sonat
322 1595 360 1638 ac
371 1584 443 1654 post
450 1579 584 1654 physico
595 1595 656 1638 seu
667 1579 910 1656 ultrapbyst‘cc.
925 1585 970 1644 lta
982 1525 1024 1644 ab
1035 1585 1119 1646 Aris·

102 1661 209 1721 totele
232 1661 287 1720 vel
300 1659 341 1719 ab
357 1658 429 1736 ejus
447 1657 613 1735 discipulis
631 1663 823 1736 nuncupata
847 1658 919 1736 fuit,
946 1665 1017 1722 tum
1042 1664 1118 1740 quia

102 1738 223 1802 ordine
238 1739 462 1816 acquisitionis
477 1744 552 1814 post
569 1738 741 1800 scientiam
764 1755 875 1800 rerum
899 1742 1118 1805 materialium

100 1821 206 1895 venit,
223 1835 284 1880 seu
297 1820 438 1894 Physica
451 1817 611 1893 succedit,
628 1822 698 1878 tum
714 1834 754 1879 ex
769 1835 808 1879 eo
821 1818 910 1897 quod
923 1821 996 1898 ejus
1007 1823 1118 1902 objec-

101 1904 174 1961 tum
188 1905 340 1961 naturam
354 1898 545 1958 sensibilem
559 1914 620 1959 seu
631 1897 781 1961 ordinem
790 1915 900 1960 rerum
906 1903 1118 1978 physicarum

100 1984 251 2057 superat.

142 2057 297 2121 Secunda
321 2059 463 2120 nominis
486 2057 712 2135 interpretatio
743 2056 968 2120 definitionem
991 2062 1116 2123 realem

101 2139 238 2202 exhibet
255 2157 261 2192 :
282 2154 337 2198 res
353 2139 439 2198 enim
455 2155 525 2216 qua
541 2137 741 2199 aveteribus
757 2138 952 2201 dicebantur
960 2141 1114 2216 physicae,

101 2236 148 2281 eae
163 2224 241 2282 sunt
257 2234 327 2294 quae
347 2236 363 2279 a
381 2219 532 2280 sensibus
544 2218 661 2296 attingi
674 2223 825 2294 possunt,
841 2233 964 2296 nempe
978 2235 1033 2281 res
1047 2237 1116 2282 mc·

99 2300 245 2362 tortoles.
270 2299 350 2360 Hinc
378 2299 547 2376 objectum
572 2298 800 2378 Metaphysicae
829 2301 1034 2361 constituunt
1060 2316 1116 2362 res

100 2395 173 2457 quae
188 2395 255 2440 non
268 2383 344 2439 sunt
357 2379 557 2449 materiales
573 2395 634 2439 seu
654 2394 724 2455 quae
749 2377 874 2454 absque
899 2381 1036 2440 materia
1060 2387 1118 2441 aut

100 2460 247 2520 existunt
261 2462 317 2520 aut
341 2459 458 2518 sallem
482 2458 702 2519 abstractione
727 2458 848 2518 mentis
874 2459 1112 2538 concipiuntur.

100 2539 278 2618 obiectum
294 2554 373 2616 ergo
392 2538 534 2616 Physica
548 2543 626 2598 sunt
639 2553 693 2598 res
717 2553 833 2598 omnes
857 2539 1055 2612 materiales,
1082 2545 1116 2601 et

98 2619 269 2700 objectum
291 2618 519 2697 Metaphysicae
539 2621 616 2678 sunt
639 2633 694 2677 res
717 2621 772 2676 aut
792 2633 856 2693 per
869 2635 912 2692 se,
929 2625 986 2680 out
1000 2623 1117 2682 mentis

98 2701 314 2761 abstractione
326 2699 569 2772 immateriales,
588 2715 658 2775 quae
681 2699 858 2774 propterea
873 2702 950 2759 sunt
967 2699 1113 2761 rationes

97 2779 261 2840 altissimae
276 2783 310 2839 et
323 2778 538 2840 nobilissimae.

137 2860 208 2921 262.
238 2891 278 2905 -
307 2859 476 2921 illudens
505 2855 721 2919 immateriale
755 2855 955 2917 considerari
985 2861 1110 2934 potcst3

99 2940 129 3000 l⁰
153 2939 352 3014 Generatim,
382 2953 503 3014 nempe
527 2940 626 3014 prout
648 2935 841 3012 intelligitur
864 2935 906 2996 de
930 2939 1114 3000 rationibus

95 3035 209 3080 rerum
222 3019 429 3097 ultimis‘quae
442 3019 562 3078 mentis
584 3014 774 3093 praecisione
795 3032 813 3076 a
836 3015 937 3076 rebus
959 3019 1112 3081 omnibus

96 3099 341 3160 abstrahuntur.
384 3097 563 3175 Disciplina
594 3095 800 3173 particularis
831 3112 901 3174 quae
934 3095 1018 3158 circa
1051 3113 1110 3160 ens

94 3179 309 3241 immateriale
332 3179 378 3239 sic
405 3180 592 3256 inspectum
618 3178 779 3249 versatur,
808 3177 993 3253 nuncupari
1025 3178 1110 3238 solet

93 3261 312 3336 Metapbyst'cc
323 3260 486 3334 pecoralis
498 3274 560 3319 seu
574 3256 753 3330 octotopta.
1005 3297 1008 3302 ι

133 3340 168 3400 2⁰
182 3341 293 3401 Potest
305 3337 504 3399 considerari
513 3335 694 3415 speciatim,
707 3335 832 3396 scilicet
842 3338 1005 3413 quatenus
1021 3338 1106 3399 entia

93 3418 194 3481 realia
210 3418 372 3491 declarat,
390 3423 423 3480 et
435 3418 502 3480 haec
516 3415 743 3494 Metaphysicae
762 3429 838 3492 pars
864 3431 935 3492 quae
957 3421 1107 3479 versatur

94 3498 180 3560 circa
203 3500 291 3561 varia
306 3498 375 3560 haec
390 3500 477 3560 entia
490 3497 603 3571 realia,
617 3510 739 3572 nempe
756 3497 841 3556 circa
856 3495 1030 3569 mundum,
1047 3497 1106 3558 ho-

93 3579 218 3641 minem
250 3583 284 3642 et
309 3580 429 3653 Deum,
458 3581 669 3654 nuncupatur
690 3575 911 3649 Metopbysc‘cc
939 3576 1101 3653 spectatis,
1155 3601 1160 3610 ·

95 3675 164 3739 qua
174 3660 209 3722 in
230 3665 296 3722 tres
312 3658 501 3738 disciplinas
513 3654 685 3719 inferiores
700 3653 941 3718 subdividitur:
