2650 4242
450 265 570 310 ‚LOGICAE
590 265 662 312 rias
684 271 715 312 n.
1036 249 1092 312 tea

68 369 239 434 affirmare
262 375 348 437 hanc
372 377 615 439 conclusionem
631 379 828 444 detrectaret
853 397 893 442 ex
919 383 1091 460 premissis

71 462 278 524 manantem,
294 458 355 517 sibi
369 467 481 534 aperte
497 460 747 522 contradiceret.
765 465 878 540 ltaque
893 463 1092 539 impossibile
1118 510 1120 515 .

68 537 125 594 est
150 534 243 610 quod
264 552 357 595 mens
383 539 584 599 conclusioni
609 556 686 600 non¹
703 541 759 602 det
780 559 964 611 assensum,
981 559 1042 602 seu
1056 546 1092 602 ut

72 616 171 751 inffns
187 615 323 691 positive
339 615 520 691 dissentiat,
538 619 617 679 dum
632 623 737 682 semel
752 626 935 700 premissas
950 620 1091 682 aiiirma·

73 708 106 756 Vl
125 740 132 752 ·
379 730 381 734 ’

121 773 189 834 198.
207 807 245 817 -
260 777 437 859 sataliam.
451 779 519 838 »Hac
534 781 733 840 necessitate
749 779 949 841 assentiendi
962 779 1092 841 conclu·

73 853 164 934 sioni
179 870 246 914 non
262 854 420 931 premitur
432 873 527 917 mens
543 860 603 918 nisi
628 868 717 920 certo
743 867 853 921 teneat
870 864 897 922 Ιῠ
913 861 1093 938 praemissas

78 947 155 992 esse
181 951 286 1005 veras,
303 935 584 999 succussionem
607 955 681 1000 esse
706 941 908 1017 legitimam:
926 955 1001 1000 nam
1026 939 1094 999 laec

79 1011 147 1071 dua
163 1016 376 1091 requiruntur
388 1025 423 1078 ut
436 1019 554 1078 veritas
569 1020 787 1080 conclusionis
803 1020 938 1082 evidens
952 1017 1016 1080 fiat.
1034 1020 1095 1096 lgi-

75 1098 134 1176 tur
147 1095 352 1156 ratiocinium
362 1113 424 1172 per
437 1115 470 1159 se
483 1111 550 1159 non
565 1096 655 1159 fallit
1045 1121 1048 1128 ’

122 1172 359 1236 Verumtamen
383 1191 479 1238 mens
506 1175 776 1240 indedurendis
805 1178 1003 1240 illationibus
1028 1173 1110 1249 tatii,

78 1255 193 1342 potest
205 1271 267 1328 per
278 1258 433 1316 accidens.
453 1256 487 1317 ld
504 1257 591 1316 enim
606 1256 726 1319 accidit
738 1274 775 1318 ex
790 1257 922 1320 defectu
932 1256 1096 1318 sufficien-

77 1336 122 1422 tis
137 1334 330 1395 attentionis
352 1337 421 1412 sive
447 1337 528 1398 circa
554 1337 727 1398 veritatem
752 1340 1000 1413 praemissarum,
1027 1339 1096 1397 sire

79 1416 167 1471 cuca
183 1413 334 1474 ordinem
350 1415 596 1477 deductionum.
616 1417 683 1477 Sed
709 1417 742 1476 in
765 1419 916 1492 presenti
938 1432 1004 1477 non
1024 1416 1093 1489 agi·

76 1495 134 1581 tur
153 1491 195 1552 de
217 1496 381 1555 erroribus
404 1497 459 1575 qui
480 1513 520 1556 ex
543 1499 834 1557 inconsideratione
855 1499 969 1557 neentis
994 1495 1095 1557 deve·

75 1578 184 1637 nrunt,
201 1574 263 1634 sed
280 1577 506 1637 tantummodo
519 1579 693 1654 querimus
703 1575 783 1652 quid
797 1577 947 1638 absolute
958 1577 1097 1654 loquen-

74 1651 123 1710 do
139 1653 221 1712 ratio
243 1655 350 1717 valeat
363 1655 405 1716 ad
420 1673 535 1718 verum
549 1655 798 1734 acquirendum.

440 1815 657 1878 tantatus
680 1817 729 1879 tv.

455 1978 503 2035 De
523 1975 727 2036 anctoritate,

98 2186 100 2189 -
124 2141 194 2202 199.
213 2175 251 2183 -
264 2141 347 2202 Sunt
360 2140 509 2220 quedam
523 2142 690 2214 veritates,
704 2140 772 2201 aliae
782 2139 823 2200 ad
839 2138 990 2200 ordinem
1001 2153 1100 2214 expe·

79 2221 302 2291 rimentalem,
319 2223 387 2282 aliae
409 2221 450 2281 ad
462 2221 613 2284 ordinem
636 2220 859 2298 dogmaticum
880 2223 1098 2296 pertinentes,

77 2315 189 2377 quaa
206 2303 299 2362 nobis
316 2303 439 2378 percipi
462 2305 645 2378 nequeunt,
670 2304 738 2362 sive
756 2317 814 2374 per
833 2298 1099 2376 intelligentiam,

80 2380 252 2456 siquidem
266 2386 374 2458 agitur
397 2383 438 2442 de
454 2382 547 2442 factis
562 2387 619 2442 aut
634 2379 675 2440 de
699 2379 888 2440 veritatibus
903 2381 1099 2456 supernatu-

81 2461 221 2530 ralibus,
244 2462 312 2520 sive
330 2478 387 2538 per
407 2477 554 2531 sensum,
575 2465 711 2537 propte-r
727 2461 873 2520 locorum
896 2458 1099 2519 dissociatio·

84 2556 165 2600 nem
187 2545 246 2600 aut
271 2542 425 2618 temporis
447 2542 653 2618 lapsum.«Ut
677 2538 720 2599 ad
736 2539 958 2616 cognitionem
987 2538 1103 2596 harum

83 2621 264 2681 veritatum
296 2620 521 2692 deveniamus,
559 2621 722 2681 habemus
760 2619 975 2680 testimoninm
1013 2613 1104 2693 quod

85 2696 278 2776 propterea,
292 2716 357 2760 non
372 2718 470 2762 secus
484 2717 522 2761 ac
542 2717 661 2760 sensus
684 2703 718 2759 et
739 2697 968 2774 intelligentia,
994 2694 1101 2774 quod·

85 2781 168 2842 dam
183 2783 350 2842 constituit
369 2784 510 2842 mediam
532 2780 677 2840 veritatis
693 2775 918 2854 assequendae.

128 2859 192 2920 Per
214 2863 430 2921 testimoninm
456 2861 652 2938 intelligitur
664 2859 726 2918 itta
741 2857 916 2918 declaratio
941 2871 1006 2931 qna
1020 2856 1106 2916 testis

84 2941 274 3015 referirent
289 2943 352 3002 sibi
366 2949 486 3002 notam.

103 3062 106 3072 «
132 3021 243 3089 Testis,
263 3020 320 3081 ille
334 3027 378 3082 est
392 3021 633 3096 qnipropriant
656 3014 870 3093 cognitionem
894 3011 993 3077 alteri
1003 3011 1107 3088 siqni-

84 3102 176 3174 ficet.

132 3179 224 3239 Fides
237 3183 288 3238 est
299 3196 442 3240 assensus
456 3194 549 3254 paeni
563 3177 698 3238 alterins
712 3173 890 3234 testimoni
901 3177 1106 3248 praesternas.

133 3260 315 3320 Auctoritas
330 3265 380 3319 est
400 3261 435 3320 id
449 3260 536 3332 qnod
546 3258 618 3316 testi
628 3255 727 3329 tidem
741 3253 902 3314 conciliat.

132 3339 204 3399 200.
229 3339 523 3401 -Testimonium
550 3338 588 3405 l⁰,
619 3334 747 3394 ratione
775 3332 917 3409 subjecti
944 3327 1110 3406 loquentis

91 3423 291 3496 spectatum,
310 3425 360 3480 est
384 3419 437 3478 vel
455 3418 600 3478 divinam
618 3415 673 3476 vel
695 3413 886 3484 temanum,
908 3414 1006 3486 prout
1021 3411 1110 3469 Deus

92 3499 262 3562 veltromo
284 3499 470 3559 nosdocct.
613 3568 615 3571 Ι

134 3580 373 3642 Testimonium
384 3578 530 3639 divinum
545 3573 650 3654 gignit
662 3569 763 3632 fidem
778 3569 934 3640 divinam,
952 3568 1031 3629 dum
1041 3569 1110 3626 tes·

96 3662 273 3733 timonium
290 3659 474 3723 ‘humanum
486 3655 587 3719 fidem
601 3654 779 3714 humanam
792 3652 888 3727 parit.
1150 3659 1151 3662 ¹
