2650 4242
424 225 503 288 88
1043 250 1397 295 BREVIARIUM
1438 249 1676 294 ruinoso
1685 252 1835 295 1³51AE

429 344 602 418 dicta
648 356 955 420 dividitur
1006 363 1075 422 in
1144 363 1488 435 actualem,
1539 379 1680 441 quae
1738 361 1860 424 fuit
1921 363 2228 440 superius
2288 360 2442 425 defi-

430 437 561 498 nita
622 436 756 517 (2⁰),
806 443 871 499 et
916 441 986 500 in
1026 442 1458 516 habitualem,
1504 458 1653 520 quae
1709 448 1810 504 est
1855 445 2136 521 qualitas
2188 458 2438 520 perma-

299 592 326 606 „
428 533 599 578 nens
647 519 967 580 inclinans
1002 521 1414 582 intellectum
1456 522 1541 582 ad
1591 525 2036 601 cognitionem
2079 523 2176 584 rei
2205 527 2442 584 certam

436 602 501 657 et
541 596 937 660 evidentem.
982 599 1083 662 Sic
1115 602 1334 679 Logici
1377 607 1768 663 enumerant
1818 605 2112 681 quinque
2161 603 2438 679 habituS,

435 693 557 737 seu
599 679 865 739 virtutes
924 680 1407 754 intellectual38‚
1467 698 1708 759 nempe
1766 683 2292 762 intelligentiam,
2341 699 2438 744 sa-

432 757 769 834 pientiam,
830 759 1191 831 scientiam,
1257 759 1677 836 prudentiam
1734 767 1800 821 et
1841 767 2086 835 arte1n;
2151 762 2274 823 sed
2329 778 2446 839 per

433 837 727 899 habitum
782 837 1216 899 scientificum
1264 840 1372 901 hic
1416 842 1688 917 praecise
1734 842 2123 922 intelligitur
2180 843 2446 903 scientia

432 917 799 989 habitualiS‚
834 933 955 978 seu
996 919 1064 979 id
1107 918 1286 996 quod
1328 918 1602 984 facilitat
1645 921 2055 983 intellectum
2102 921 2187 982 ad
2224 923 2353 982 hoc
2377 928 2449 983 ut

432 997 641 1073 possit
669 997 857 1058 facile
892 1003 958 1058 et
988 999 1291 1060 celeriter
1317 1001 1564 1062 habere
1613 1006 1833 1062 actum
1855 1002 2138 1063 scientiae
2175 1000 2286 1081 (l).

515 1078 647 1138 139.
699 1110 771 1118 -
815 1076 915 1137 Ad
966 1080 1305 1141 scientiam
1350 1081 1527 1143 illam
1568 1078 1680 1160 (4⁰)
1738 1079 2270 1144 constituendam
2331 1080 2450 1142 tria

428 1157 852 1233 requiruntur
884 1177 899 1218 ε

515 1239 571 1296 lo
598 1240 850 1312 Doyma
898 1240 1227 1312 quoddam
1265 1241 1591 1314 princeps,
1646 1255 1766 1300 seu
1820 1249 2151 1300 summum
2207 1238 2444 1317 princi·

427 1319 608 1393 pium
641 1316 821 1393 quod
850 1315 1183 1378 contineat
1237 1320 1560 1378 rationem
1591 1319 1884 1380 omnium
1913 1319 2257 1381 notionum
2301 1333 2449 1397 quae

429 1394 515 1456 ad
555 1397 723 1456 hanc
750 1395 1089 1457 scientiam
1119 1399 1454 1474 pertinent
1486 1417 1500 1458 ε

508 1477 669 1536 Nam
700 1479 911 1538 omnis
941 1479 1225 1555 cognitio
1260 1492 1411 1554 quae
1441 1477 1694 1540 ratione
1728 1482 1793 1538 et
1821 1477 2121 1538 discursu
2141 1477 2447 1550 habetur,

427 1553 500 1616 fit
569 1571 648 1616 ex
677 1556 895 1631 aliquo
932 1557 1187 1635 judicio
1246 1556 1690 1635 antecedenti,
1739 1557 1919 1636 quod
1955 1559 2037 1618 sit
2074 1562 2188 1618 aut
2227 1574 2351 1635 per
2380 1574 2451 1619 se

431 1640 661 1695 notum
692 1641 805 1696 aut
836 1635 978 1713 jam
1012 1635 1554 1698 demonstratum.

510 1716 573 1775 2⁰
632 1716 1023 1791 Compleoeus
1068 1718 1404 1777 notionum
1444 1717 1930 1795 particularium
1984 1732 2135 1796 quae
2183 1716 2270 1779 ad
2324 1716 2451 1794 pri-

429 1811 611 1855 mum
656 1795 1043 1872 principium
1071 1794 1474 1870 referuntur;

508 1875 570 1935 3⁰
591 1876 811 1935 Nemus
839 1891 968 1951 quo
998 1877 1299 1937 notiones
1327 1875 1665 1948 derivatae,
1691 1881 1756 1937 et
1780 1877 2098 1952 principia
2119 1889 2273 1953 quae
2303 1881 2455 1937 sunt

425 1950 663 2027 fonteS,
744 1959 970 2015 mutuo
1038 1955 1445 2034 colligantur.
1534 1957 1826 2016 Primum
1890 1956 2286 2032 principium
2356 1961 2455 2018 est

428 2050 628 2094 causa
659 2037 939 2109 propria
985 2034 1184 2112 hujus
1238 2034 1546 2107 scientiae,
1582 2041 1647 2096 et
1689 2050 1918 2095 omnes
1960 2036 2106 2095 aliae
2148 2038 2454 2097 notiones

426 2121 733 2190 respectu
759 2115 950 2189 primi
981 2113 1302 2191 dogmatis
1343 2114 1592 2176 habent
1633 2115 1955 2176 rationem
1998 2115 2278 2188 effectus,

508 2195 613 2253 His
643 2193 946 2254 omnibus
980 2195 1283 2256 coalescit
1313 2195 1647 2273 objectum
1679 2195 2100 2271 adaequatum
2130 2197 2443 2256 scientiae.

510 2273 642 2334 140.
687 2305 753 2314 -
782 2273 905 2332 Per
932 2273 1251 2349 objectum
1309 2274 1584 2351 alicujus
1632 2273 1954 2334 facultatis
2006 2279 2118 2334 aut
2154 2276 2448 2335 scientiae

422 2354 793 2432 generatim
821 2351 1201 2430 intelligitur
1226 2352 1294 2413 id
1341 2353 1521 2432 quod
1547 2355 1669 2429 ipsi
1701 2353 2252 2414 considerandum
2283 2355 2448 2431 obji-

424 2436 613 2505 citur,
648 2448 767 2492 seu
817 2431 981 2492 circa
1028 2432 1208 2510 quod
1264 2433 1408 2494 talis
1452 2432 1725 2495 facultas
1767 2439 1880 2494 aut
1920 2433 2190 2494 scientia
2228 2449 2447 2494 versa-

424 2519 565 2573 tur:
614 2513 800 2581 sicut,
845 2529 907 2574 v.
935 2529 1029 2590 g.‚
1064 2513 1400 2592 obj-ectum
1419 2517 1596 2574 visus
1621 2519 1719 2575 est
1745 2513 1812 2574 id
1835 2512 2012 2590 quod
2041 2514 2192 2574 huic
2233 2511 2446 2574 facul-

424 2594 535 2652 tati
578 2592 903 2670 objicitur,
964 2608 1205 2669 nempe
1266 2594 1550 2662 colores;
1624 2593 1959 2672 objectum
2028 2593 2447 2654 scientiarum

423 2677 574 2734 sunt
600 2687 708 2732 res
753 2670 836 2731 de
869 2672 1105 2750 quihus
1149 2678 1424 2734 tractant
1452 2673 1615 2732 tales
1644 2675 1956 2734 scientiae.
2002 2672 2188 2734 Unde
2231 2689 2441 2751 gene-

425 2753 615 2812 ratim
644 2750 754 2828 obj
765 2758 908 2812 ecta
937 2751 1355 2813 scientiarum
1390 2752 1696 2813 dicuntur
1722 2769 1828 2813 res
1865 2753 1971 2814 vel
2017 2751 2304 2814 rationes
2359 2752 2447 2813 ad

428 2846 591 2908 quas
617 2835 842 2891 mente
874 2830 1227 2908 capiendas
1255 2830 1546 2893 ferimur.
1869 2842 1895 2899 f

512 2911 644 2971 141.
677 2945 753 2954 -
796 2911 959 2972 lllud
1013 2913 1350 2990 objectum
1393 2913 1812 2974 scientiarum
1866 2909 2164 2972 bifariam
2221 2909 2447 2971 dividi·

422 2992 546 3062 tur,
596 2991 839 3052 scilicet
880 2993 946 3052 in
978 2992 1313 3071 objectum
1345 2992 1677 3052 materiale
1723 2997 1788 3052 et
1828 2993 1894 3072 in
1923 2992 2256 3069 objectum
2310 2987 2448 3054 for-

424 3073 607 3131 male.
684 3071 1016 3146 objectum
1078 3071 1425 3132 materiale
1494 3077 1592 3131 est
1658 3073 1800 3146 ipsa
1870 3086 1978 3131 res
2033 3073 2203 3131 circa
2246 3086 2447 3149 quam

423 3152 695 3211 scientia
737 3157 1057 3222 versatum
1107 3152 1427 3227 objectum
1479 3167 1635 3213 vero
1680 3151 1970 3226 formale
2014 3155 2113 3211 est
2151 3151 2218 3210 id
2263 3148 2448 3227 quod

421 3230 488 3288 in
517 3231 627 3290 tali
648 3246 719 3290 re
763 3228 1035 3291 facultas
1064 3235 1178 3291 aut
1206 3233 1474 3290 scientia
1528 3229 1809 3307 attingit.
1857 3231 1984 3290 Res
2034 3245 2191 3308 ergo
2250 3229 2449 3305 pro'ut

422 3315 509 3370 est
538 3311 605 3370 z‘n
632 3327 719 3380 sc,
749 3310 1079 3384 videlicet,
1130 3325 1281 3370 cum
1321 3311 1828 3388 proprietatibus
1860 3317 1926 3371 et
1951 3311 2122 3370 notis
2149 3309 2448 3370 omnibus

420 3405 585 3464 quas
612 3389 831 3460 habet,
897 3396 995 3451 est
1045 3390 1385 3469 objectum
1437 3390 1777 3450 materiale
1823 3391 2147 3460 scientiae3
2212 3393 2279 3448 et
2334 3404 2446 3449 res

402 3469 678 3543 eadem,
737 3476 932 3546 prout
976 3468 1430 3531 consideratur
1471 3469 1877 3530 solummodo
1911 3468 2283 3530 secundum
2327 3484 2445 3529 no-

480 3589 553 3654 (1)
575 3590 657 3638 An
684 3589 833 3638 detur
855 3589 1069 3638 habitus
1096 3589 1284 3638 scienti
1322 3563 1435 3648 cue,
1463 3588 1720 3637 affirmant
1745 3587 2084 3638 communiter
2124 3587 2295 3653 Logici
2328 3602 2448 3637 con-

412 3655 497 3700 tra
522 3650 771 3716 quosdam
800 3651 951 3714 (apud
972 3649 1230 3707 Pontium,
1300 3665 1385 3716 og.
1414 3649 1545 3715 disp.
1573 3663 1707 3713 xxn,
1733 3649 1782 3699 9.
1809 3651 1909 3714 5.).
