<?xml version="1.0" encoding="UTF-8"?>
<!DOCTYPE html PUBLIC "-//W3C//DTD XHTML 1.0 Transitional//EN"
    "http://www.w3.org/TR/xhtml1/DTD/xhtml1-transitional.dtd">
<html xmlns="http://www.w3.org/1999/xhtml" xml:lang="en" lang="en">
 <head>
  <title>
</title>
<meta http-equiv="Content-Type" content="text/html;charset=utf-8" />
  <meta name='ocr-system' content='tesseract 3.04.00' />
  <meta name='ocr-capabilities' content='ocr_page ocr_carea ocr_par ocr_line ocrx_word'/>
</head>
<body>
  <div class='ocr_page' id='page_1' title='image "./brevariumphilos01grangoog_0232.png"; bbox 0 0 2650 4242; ppageno 0'>
   <div class='ocr_carea' id='block_1_1' title="bbox 162 269 877 339">
    <p class='ocr_par' dir='ltr' id='par_1_1' title="bbox 162 269 877 339">
     <span class='ocr_line' id='line_1_1' title="bbox 162 269 877 339; baseline 0.014 -12"><span class='ocrx_word' id='word_1_1' title='bbox 162 269 222 328; x_wconf 75' lang='lat'>214</span> <span class='ocrx_word' id='word_1_2' title='bbox 469 293 650 338; x_wconf 80' lang='lat' dir='ltr'>enarranrou</span> <span class='ocrx_word' id='word_1_3' title='bbox 675 286 877 339; x_wconf 76' lang='lat' dir='ltr'>rrrnosorurra</span> 
     </span>
    </p>
   </div>
   <div class='ocr_carea' id='block_1_2' title="bbox 163 401 1197 2620">
    <p class='ocr_par' dir='ltr' id='par_1_2' title="bbox 163 401 1182 703">
     <span class='ocr_line' id='line_1_2' title="bbox 163 401 1179 488; baseline 0.01 -27"><span class='ocrx_word' id='word_1_4' title='bbox 163 401 255 473; x_wconf 77' lang='lat' dir='ltr'>quod</span> <span class='ocrx_word' id='word_1_5' title='bbox 270 403 446 466; x_wconf 88' lang='lat' dir='ltr'>conformis</span> <span class='ocrx_word' id='word_1_6' title='bbox 462 423 537 468; x_wconf 88' lang='lat' dir='ltr'>esse</span> <span class='ocrx_word' id='word_1_7' title='bbox 553 407 675 470; x_wconf 90' lang='lat' dir='ltr'>debeat</span> <span class='ocrx_word' id='word_1_8' title='bbox 695 427 760 471; x_wconf 82' lang='lat' dir='ltr'>sure</span> <span class='ocrx_word' id='word_1_9' title='bbox 789 411 927 486; x_wconf 76' lang='lat' dir='ltr'>propriae</span> <span class='ocrx_word' id='word_1_10' title='bbox 954 411 1087 488; x_wconf 82' lang='lat' dir='ltr'>regula,</span> <span class='ocrx_word' id='word_1_11' title='bbox 1110 426 1179 487; x_wconf 84' lang='lat' dir='ltr'>quae</span> 
     </span>
     <span class='ocr_line' id='line_1_3' title="bbox 164 482 1180 565; baseline 0.011 -26"><span class='ocrx_word' id='word_1_12' title='bbox 164 482 304 542; x_wconf 76' lang='lat' dir='ltr'>babetur</span> <span class='ocrx_word' id='word_1_13' title='bbox 317 490 354 544; x_wconf 91' lang='lat' dir='ltr'>ut</span> <span class='ocrx_word' id='word_1_14' title='bbox 366 492 456 547; x_wconf 87' lang='lat' dir='ltr'>reeta</span> <span class='ocrx_word' id='word_1_15' title='bbox 480 492 560 548; x_wconf 86' lang='lat' dir='ltr'>ratio</span> <span class='ocrx_word' id='word_1_16' title='bbox 580 513 593 541; x_wconf 82' lang='lat'><strong>«</strong></span> <span class='ocrx_word' id='word_1_17' title='bbox 617 492 883 565; x_wconf 80' lang='lat' dir='ltr'>practicarum».</span> <span class='ocrx_word' id='word_1_18' title='bbox 903 489 1035 551; x_wconf 89' lang='lat' dir='ltr'>Habitus</span> <span class='ocrx_word' id='word_1_19' title='bbox 1061 493 1180 564; x_wconf 90' lang='lat' dir='ltr'>practi-</span> 
     </span>
     <span class='ocr_line' id='line_1_4' title="bbox 164 566 1182 702; baseline 0.002 -76"><span class='ocrx_word' id='word_1_20' title='bbox 164 575 317 702; x_wconf 50' lang='lat' dir='ltr'>ouzergo</span> <span class='ocrx_word' id='word_1_21' title='bbox 332 580 399 625; x_wconf 93' lang='lat' dir='ltr'>non</span> <span class='ocrx_word' id='word_1_22' title='bbox 414 570 522 643; x_wconf 89' lang='lat' dir='ltr'>potest</span> <span class='ocrx_word' id='word_1_23' title='bbox 535 568 568 627; x_wconf 90' lang='lat' dir='ltr'>in</span> <span class='ocrx_word' id='word_1_24' title='bbox 583 569 679 630; x_wconf 89' lang='lat' dir='ltr'>nobis</span> <span class='ocrx_word' id='word_1_25' title='bbox 695 584 770 631; x_wconf 88' lang='lat' dir='ltr'>esse</span> <span class='ocrx_word' id='word_1_26' title='bbox 786 570 828 630; x_wconf 89' lang='lat' dir='ltr'>de</span> <span class='ocrx_word' id='word_1_27' title='bbox 843 586 878 630; x_wconf 93' lang='lat' dir='ltr'>re</span> <span class='ocrx_word' id='word_1_28' title='bbox 894 584 961 631; x_wconf 92' lang='lat' dir='ltr'>non</span> <span class='ocrx_word' id='word_1_29' title='bbox 976 566 1136 646; x_wconf 88' lang='lat' dir='ltr'>operabili</span> <span class='ocrx_word' id='word_1_30' title='bbox 1164 585 1182 628; x_wconf 92' lang='lat' dir='ltr'>a</span> 
     </span>
     <span class='ocr_line' id='line_1_5' title="bbox 164 655 270 703; baseline -0.009 -3"><span class='ocrx_word' id='word_1_31' title='bbox 164 655 206 701; x_wconf 91' lang='lat' dir='ltr'>no</span> <span class='ocrx_word' id='word_1_32' title='bbox 233 659 270 703; x_wconf 84' lang='lat' dir='ltr'>rs.</span> 
     </span>
    </p>

    <p class='ocr_par' dir='ltr' id='par_1_3' title="bbox 164 723 1184 883">
     <span class='ocr_line' id='line_1_6' title="bbox 208 723 1184 800; baseline 0.006 -19"><span class='ocrx_word' id='word_1_33' title='bbox 208 723 251 782; x_wconf 74' lang='lat'>2⁰.</span> <span class='ocrx_word' id='word_1_34' title='bbox 269 723 403 785; x_wconf 78' lang='lat' dir='ltr'>Habitus</span> <span class='ocrx_word' id='word_1_35' title='bbox 416 726 667 800; x_wconf 76' lang='lat' dir='ltr'>specutotboso</span> <span class='ocrx_word' id='word_1_36' title='bbox 693 734 805 788; x_wconf 87' lang='lat' dir='ltr'>contra</span> <span class='ocrx_word' id='word_1_37' title='bbox 829 727 959 788; x_wconf 92' lang='lat' dir='ltr'>ordinat</span> <span class='ocrx_word' id='word_1_38' title='bbox 982 727 1024 788; x_wconf 90' lang='lat' dir='ltr'>ad</span> <span class='ocrx_word' id='word_1_39' title='bbox 1038 728 1184 789; x_wconf 90' lang='lat' dir='ltr'>veritatis</span> 
     </span>
     <span class='ocr_line' id='line_1_7' title="bbox 164 803 971 883; baseline 0 -17"><span class='ocrx_word' id='word_1_40' title='bbox 164 803 485 878; x_wconf 87' lang='lat' dir='ltr'>contemplationem,</span> <span class='ocrx_word' id='word_1_41' title='bbox 503 820 604 881; x_wconf 89' lang='lat' dir='ltr'>quam</span> <span class='ocrx_word' id='word_1_42' title='bbox 617 813 753 883; x_wconf 88' lang='lat' dir='ltr'>propter</span> <span class='ocrx_word' id='word_1_43' title='bbox 768 823 805 867; x_wconf 89' lang='lat' dir='ltr'>se</span> <span class='ocrx_word' id='word_1_44' title='bbox 820 807 971 868; x_wconf 78' lang='lat' dir='ltr'>intendit.</span> 
     </span>
    </p>

    <p class='ocr_par' dir='ltr' id='par_1_4' title="bbox 164 881 1187 1187">
     <span class='ocr_line' id='line_1_8' title="bbox 206 881 1184 961; baseline -0.001 -15"><span class='ocrx_word' id='word_1_45' title='bbox 206 884 285 946; x_wconf 89' lang='lat' dir='ltr'>Hinc</span> <span class='ocrx_word' id='word_1_46' title='bbox 299 881 372 942; x_wconf 88' lang='lat' dir='ltr'>finis</span> <span class='ocrx_word' id='word_1_47' title='bbox 385 882 516 944; x_wconf 92' lang='lat' dir='ltr'>habitus</span> <span class='ocrx_word' id='word_1_48' title='bbox 531 886 723 961; x_wconf 72' lang='lat' dir='ltr'>speculativi</span> <span class='ocrx_word' id='word_1_49' title='bbox 739 890 789 946; x_wconf 88' lang='lat' dir='ltr'>est</span> <span class='ocrx_word' id='word_1_50' title='bbox 802 889 1039 961; x_wconf 77' lang='lat' dir='ltr'>contemptatio,</span> <span class='ocrx_word' id='word_1_51' title='bbox 1066 892 1099 947; x_wconf 87' lang='lat' dir='ltr'>et</span> <span class='ocrx_word' id='word_1_52' title='bbox 1109 883 1184 945; x_wconf 86' lang='lat' dir='ltr'>finis</span> 
     </span>
     <span class='ocr_line' id='line_1_9' title="bbox 165 964 1186 1043; baseline -0.002 -17"><span class='ocrx_word' id='word_1_53' title='bbox 165 966 295 1027; x_wconf 86' lang='lat' dir='ltr'>habitus</span> <span class='ocrx_word' id='word_1_54' title='bbox 310 964 443 1038; x_wconf 86' lang='lat' dir='ltr'>practici</span> <span class='ocrx_word' id='word_1_55' title='bbox 463 970 513 1023; x_wconf 88' lang='lat' dir='ltr'>est</span> <span class='ocrx_word' id='word_1_56' title='bbox 540 967 832 1043; x_wconf 72' lang='lat' dir='ltr'>cettospractieus</span> <span class='ocrx_word' id='word_1_57' title='bbox 859 965 1080 1043; x_wconf 81' lang='lat' dir='ltr'>cognitionem</span> <span class='ocrx_word' id='word_1_58' title='bbox 1101 968 1186 1027; x_wconf 89' lang='lat' dir='ltr'>veri·</span> 
     </span>
     <span class='ocr_line' id='line_1_10' title="bbox 164 1042 1187 1183; baseline 0 -77"><span class='ocrx_word' id='word_1_59' title='bbox 164 1047 246 1183; x_wconf 48' lang='lat' dir='ltr'>tati?1</span> <span class='ocrx_word' id='word_1_60' title='bbox 251 1042 473 1118; x_wconf 88' lang='lat' dir='ltr'>praesupponit</span> <span class='ocrx_word' id='word_1_61' title='bbox 480 1048 517 1103; x_wconf 87' lang='lat' dir='ltr'>ut</span> <span class='ocrx_word' id='word_1_62' title='bbox 530 1045 680 1123; x_wconf 84' lang='lat' dir='ltr'>regulam</span> <span class='ocrx_word' id='word_1_63' title='bbox 696 1050 728 1105; x_wconf 86' lang='lat' dir='ltr'>et</span> <span class='ocrx_word' id='word_1_64' title='bbox 741 1047 938 1122; x_wconf 78' lang='lat' dir='ltr'>prinprium</span> <span class='ocrx_word' id='word_1_65' title='bbox 952 1046 1091 1124; x_wconf 85' lang='lat' dir='ltr'>alicujus</span> <span class='ocrx_word' id='word_1_66' title='bbox 1106 1060 1187 1123; x_wconf 92' lang='lat' dir='ltr'>ope-</span> 
     </span>
     <span class='ocr_line' id='line_1_11' title="bbox 166 1122 372 1187; baseline -0.029 0"><span class='ocrx_word' id='word_1_67' title='bbox 166 1129 211 1187; x_wconf 91' lang='lat' dir='ltr'>ris</span> <span class='ocrx_word' id='word_1_68' title='bbox 248 1122 372 1182; x_wconf 86' lang='lat' dir='ltr'>umani.</span> 
     </span>
    </p>

    <p class='ocr_par' dir='ltr' id='par_1_5' title="bbox 167 1201 1195 1599">
     <span class='ocr_line' id='line_1_12' title="bbox 207 1201 1189 1281; baseline -0.002 -16"><span class='ocrx_word' id='word_1_69' title='bbox 207 1204 277 1265; x_wconf 85' lang='lat'><strong>370.</strong></span> <span class='ocrx_word' id='word_1_70' title='bbox 295 1234 334 1245; x_wconf 93' lang='lat'><em>-</em></span> <span class='ocrx_word' id='word_1_71' title='bbox 348 1201 473 1261; x_wconf 85' lang='lat' dir='ltr'>Exinde</span> <span class='ocrx_word' id='word_1_72' title='bbox 489 1202 576 1262; x_wconf 88' lang='lat' dir='ltr'>clare</span> <span class='ocrx_word' id='word_1_73' title='bbox 592 1206 717 1265; x_wconf 91' lang='lat' dir='ltr'>eruitur</span> <span class='ocrx_word' id='word_1_74' title='bbox 735 1206 905 1267; x_wconf 86' lang='lat' dir='ltr'>scientiam</span> <span class='ocrx_word' id='word_1_75' title='bbox 919 1204 1097 1281; x_wconf 80' lang='lat' dir='ltr'>practicam</span> <span class='ocrx_word' id='word_1_76' title='bbox 1112 1219 1189 1263; x_wconf 91' lang='lat' dir='ltr'>ver·</span> 
     </span>
     <span class='ocr_line' id='line_1_13' title="bbox 167 1283 1192 1356; baseline -0.001 -12"><span class='ocrx_word' id='word_1_77' title='bbox 167 1285 232 1344; x_wconf 86' lang='lat' dir='ltr'>sari</span> <span class='ocrx_word' id='word_1_78' title='bbox 248 1283 333 1341; x_wconf 83' lang='lat' dir='ltr'>eirca</span> <span class='ocrx_word' id='word_1_79' title='bbox 348 1297 419 1340; x_wconf 88' lang='lat' dir='ltr'>rern</span> <span class='ocrx_word' id='word_1_80' title='bbox 433 1283 637 1356; x_wconf 85' lang='lat' dir='ltr'>operabilem</span> <span class='ocrx_word' id='word_1_81' title='bbox 666 1300 684 1344; x_wconf 92' lang='lat' dir='ltr'>a</span> <span class='ocrx_word' id='word_1_82' title='bbox 712 1287 849 1355; x_wconf 86' lang='lat' dir='ltr'>sciente,</span> <span class='ocrx_word' id='word_1_83' title='bbox 879 1284 1050 1344; x_wconf 90' lang='lat' dir='ltr'>scientiam</span> <span class='ocrx_word' id='word_1_84' title='bbox 1075 1289 1192 1343; x_wconf 88' lang='lat' dir='ltr'>autem</span> 
     </span>
     <span class='ocr_line' id='line_1_14' title="bbox 168 1361 1191 1441; baseline -0.007 -14"><span class='ocrx_word' id='word_1_85' title='bbox 168 1361 406 1441; x_wconf 80' lang='lat' dir='ltr'>speculativam</span> <span class='ocrx_word' id='word_1_86' title='bbox 446 1363 568 1422; x_wconf 91' lang='lat' dir='ltr'>versari</span> <span class='ocrx_word' id='word_1_87' title='bbox 605 1363 690 1424; x_wconf 88' lang='lat' dir='ltr'>circa</span> <span class='ocrx_word' id='word_1_88' title='bbox 718 1378 790 1424; x_wconf 88' lang='lat' dir='ltr'>rem</span> <span class='ocrx_word' id='word_1_89' title='bbox 823 1380 891 1425; x_wconf 91' lang='lat' dir='ltr'>non</span> <span class='ocrx_word' id='word_1_90' title='bbox 927 1361 1134 1439; x_wconf 81' lang='lat' dir='ltr'>operabilem</span> <span class='ocrx_word' id='word_1_91' title='bbox 1171 1378 1191 1420; x_wconf 93' lang='lat' dir='ltr'>a</span> 
     </span>
     <span class='ocr_line' id='line_1_15' title="bbox 170 1441 1195 1516; baseline 0.005 -14"><span class='ocrx_word' id='word_1_92' title='bbox 170 1445 298 1503; x_wconf 85' lang='lat' dir='ltr'>sciente</span> <span class='ocrx_word' id='word_1_93' title='bbox 315 1441 401 1514; x_wconf 82' lang='lat'><strong>(147,</strong></span> <span class='ocrx_word' id='word_1_94' title='bbox 420 1441 472 1514; x_wconf 81' lang='lat'><strong>1⁰),</strong></span> <span class='ocrx_word' id='word_1_95' title='bbox 490 1449 546 1502; x_wconf 89' lang='lat' dir='ltr'>aut</span> <span class='ocrx_word' id='word_1_96' title='bbox 560 1442 687 1516; x_wconf 85' lang='lat' dir='ltr'>saltem,</span> <span class='ocrx_word' id='word_1_97' title='bbox 708 1467 719 1496; x_wconf 86' lang='lat'><strong>‹</strong></span> <span class='ocrx_word' id='word_1_98' title='bbox 739 1446 825 1505; x_wconf 88' lang='lat' dir='ltr'>circa</span> <span class='ocrx_word' id='word_1_99' title='bbox 840 1445 924 1503; x_wconf 89' lang='lat' dir='ltr'>banc</span> <span class='ocrx_word' id='word_1_100' title='bbox 938 1458 1009 1502; x_wconf 88' lang='lat' dir='ltr'>rem</span> <span class='ocrx_word' id='word_1_101' title='bbox 1025 1459 1093 1503; x_wconf 92' lang='lat' dir='ltr'>non</span> <span class='ocrx_word' id='word_1_102' title='bbox 1112 1458 1195 1507; x_wconf 64' lang='lat' dir='ltr'>ver-v</span> 
     </span>
     <span class='ocr_line' id='line_1_16' title="bbox 171 1519 1084 1599; baseline -0.009 -16"><span class='ocrx_word' id='word_1_103' title='bbox 171 1525 249 1593; x_wconf 84' lang='lat' dir='ltr'>sari,</span> <span class='ocrx_word' id='word_1_104' title='bbox 264 1524 302 1581; x_wconf 92' lang='lat' dir='ltr'>ut</span> <span class='ocrx_word' id='word_1_105' title='bbox 316 1519 545 1581; x_wconf 85' lang='lat' dir='ltr'>animadvertit</span> <span class='ocrx_word' id='word_1_106' title='bbox 560 1522 691 1594; x_wconf 77' lang='lat' dir='ltr'>suarez,</span> <span class='ocrx_word' id='word_1_107' title='bbox 707 1524 806 1586; x_wconf 91' lang='lat' dir='ltr'>modo</span> <span class='ocrx_word' id='word_1_108' title='bbox 823 1522 981 1598; x_wconf 92' lang='lat' dir='ltr'>operabili</span> <span class='ocrx_word' id='word_1_109' title='bbox 997 1520 1051 1599; x_wconf 87' lang='lat' dir='ltr'>(l).</span> <span class='ocrx_word' id='word_1_110' title='bbox 1072 1546 1084 1575; x_wconf 83' lang='lat'><strong>»</strong></span> 
     </span>
    </p>

    <p class='ocr_par' dir='ltr' id='par_1_6' title="bbox 169 1600 1191 1742">
     <span class='ocr_line' id='line_1_17' title="bbox 185 1600 1191 1679; baseline -0.004 -16"><span class='ocrx_word' id='word_1_111' title='bbox 185 1630 191 1642; x_wconf 65' lang='lat'><em>1</em></span> <span class='ocrx_word' id='word_1_112' title='bbox 210 1604 280 1663; x_wconf 85' lang='lat'>371.</span> <span class='ocrx_word' id='word_1_113' title='bbox 298 1635 335 1643; x_wconf 95' lang='lat'>-</span> <span class='ocrx_word' id='word_1_114' title='bbox 350 1600 483 1661; x_wconf 84' lang='lat' dir='ltr'>Habitus</span> <span class='ocrx_word' id='word_1_115' title='bbox 499 1602 655 1663; x_wconf 87' lang='lat' dir='ltr'>dividitur</span> <span class='ocrx_word' id='word_1_116' title='bbox 673 1607 831 1679; x_wconf 77' lang='lat' dir='ltr'>praterea</span> <span class='ocrx_word' id='word_1_117' title='bbox 845 1602 879 1661; x_wconf 92' lang='lat' dir='ltr'>in</span> <span class='ocrx_word' id='word_1_118' title='bbox 893 1604 1043 1665; x_wconf 88' lang='lat' dir='ltr'>virtutem</span> <span class='ocrx_word' id='word_1_119' title='bbox 1060 1607 1092 1663; x_wconf 90' lang='lat' dir='ltr'>et</span> <span class='ocrx_word' id='word_1_120' title='bbox 1120 1615 1191 1661; x_wconf 94' lang='lat' dir='ltr'>non</span> 
     </span>
     <span class='ocr_line' id='line_1_18' title="bbox 169 1684 334 1742; baseline -0.012 -1"><span class='ocrx_word' id='word_1_121' title='bbox 169 1684 334 1742; x_wconf 83' lang='lat' dir='ltr'>virtutem.</span> 
     </span>
    </p>

    <p class='ocr_par' dir='ltr' id='par_1_7' title="bbox 171 1758 1195 2157">
     <span class='ocr_line' id='line_1_19' title="bbox 216 1758 1194 1839; baseline -0.001 -20"><span class='ocrx_word' id='word_1_122' title='bbox 216 1762 320 1821; x_wconf 76' lang='lat' dir='ltr'>Virtus</span> <span class='ocrx_word' id='word_1_123' title='bbox 335 1764 385 1819; x_wconf 84' lang='lat' dir='ltr'>est</span> <span class='ocrx_word' id='word_1_124' title='bbox 398 1758 528 1821; x_wconf 88' lang='lat' dir='ltr'>habitus</span> <span class='ocrx_word' id='word_1_125' title='bbox 545 1760 725 1836; x_wconf 88' lang='lat' dir='ltr'>disponens</span> <span class='ocrx_word' id='word_1_126' title='bbox 740 1762 918 1839; x_wconf 88' lang='lat' dir='ltr'>potentiam</span> <span class='ocrx_word' id='word_1_127' title='bbox 933 1759 976 1821; x_wconf 90' lang='lat' dir='ltr'>ad</span> <span class='ocrx_word' id='word_1_128' title='bbox 1005 1758 1194 1837; x_wconf 88' lang='lat' dir='ltr'>perfectam</span> 
     </span>
     <span class='ocr_line' id='line_1_20' title="bbox 171 1840 1194 1916; baseline -0.002 -15"><span class='ocrx_word' id='word_1_129' title='bbox 171 1840 399 1916; x_wconf 78' lang='lat' dir='ltr'>operationem</span> <span class='ocrx_word' id='word_1_130' title='bbox 413 1845 535 1900; x_wconf 84' lang='lat' dir='ltr'>naturae</span> <span class='ocrx_word' id='word_1_131' title='bbox 550 1841 635 1902; x_wconf 90' lang='lat' dir='ltr'>illius</span> <span class='ocrx_word' id='word_1_132' title='bbox 652 1847 921 1903; x_wconf 85' lang='lat' dir='ltr'>consentaneam.</span> <span class='ocrx_word' id='word_1_133' title='bbox 948 1842 1054 1901; x_wconf 87' lang='lat' dir='ltr'>Virtus</span> <span class='ocrx_word' id='word_1_134' title='bbox 1079 1844 1194 1916; x_wconf 89' lang='lat' dir='ltr'>potest</span> 
     </span>
     <span class='ocr_line' id='line_1_21' title="bbox 172 1918 1194 1998; baseline -0.002 -18"><span class='ocrx_word' id='word_1_135' title='bbox 172 1934 247 1982; x_wconf 87' lang='lat' dir='ltr'>esse</span> <span class='ocrx_word' id='word_1_136' title='bbox 261 1920 488 1981; x_wconf 75' lang='lat' dir='ltr'>intellectualis</span> <span class='ocrx_word' id='word_1_137' title='bbox 502 1927 557 1981; x_wconf 89' lang='lat' dir='ltr'>aut</span> <span class='ocrx_word' id='word_1_138' title='bbox 572 1922 732 1995; x_wconf 72' lang='lat' dir='ltr'>affectabo,</span> <span class='ocrx_word' id='word_1_139' title='bbox 748 1926 845 1997; x_wconf 92' lang='lat' dir='ltr'>prout</span> <span class='ocrx_word' id='word_1_140' title='bbox 860 1928 908 1982; x_wconf 88' lang='lat' dir='ltr'>est</span> <span class='ocrx_word' id='word_1_141' title='bbox 923 1920 1082 1998; x_wconf 81' lang='lat' dir='ltr'>perfectio</span> <span class='ocrx_word' id='word_1_142' title='bbox 1094 1918 1194 1979; x_wconf 90' lang='lat' dir='ltr'>intel-</span> 
     </span>
     <span class='ocr_line' id='line_1_22' title="bbox 171 1998 1195 2078; baseline -0.001 -20"><span class='ocrx_word' id='word_1_143' title='bbox 171 2000 278 2059; x_wconf 90' lang='lat' dir='ltr'>lectus</span> <span class='ocrx_word' id='word_1_144' title='bbox 292 1999 326 2057; x_wconf 93' lang='lat' dir='ltr'>in</span> <span class='ocrx_word' id='word_1_145' title='bbox 352 1999 541 2078; x_wconf 86' lang='lat' dir='ltr'>attingenda</span> <span class='ocrx_word' id='word_1_146' title='bbox 570 2003 719 2073; x_wconf 88' lang='lat' dir='ltr'>veritate,</span> <span class='ocrx_word' id='word_1_147' title='bbox 750 2006 806 2060; x_wconf 87' lang='lat' dir='ltr'>aut</span> <span class='ocrx_word' id='word_1_148' title='bbox 833 1998 988 2077; x_wconf 89' lang='lat' dir='ltr'>perfectio</span> <span class='ocrx_word' id='word_1_149' title='bbox 1013 1998 1195 2060; x_wconf 88' lang='lat' dir='ltr'>voluntatis</span> 
     </span>
     <span class='ocr_line' id='line_1_23' title="bbox 172 2079 918 2157; baseline 0.001 -19"><span class='ocrx_word' id='word_1_150' title='bbox 172 2079 206 2139; x_wconf 92' lang='lat' dir='ltr'>in</span> <span class='ocrx_word' id='word_1_151' title='bbox 222 2080 456 2157; x_wconf 83' lang='lat' dir='ltr'>consequenda</span> <span class='ocrx_word' id='word_1_152' title='bbox 472 2079 661 2141; x_wconf 88' lang='lat' dir='ltr'>honestate.</span> <span class='ocrx_word' id='word_1_153' title='bbox 916 2088 918 2092; x_wconf 81' lang='grc'>’</span> 
     </span>
    </p>

    <p class='ocr_par' dir='ltr' id='par_1_8' title="bbox 175 2157 1197 2620">
     <span class='ocr_line' id='line_1_24' title="bbox 214 2157 1196 2237; baseline -0.001 -19"><span class='ocrx_word' id='word_1_154' title='bbox 214 2159 349 2219; x_wconf 89' lang='lat' dir='ltr'>Habitus</span> <span class='ocrx_word' id='word_1_155' title='bbox 364 2176 441 2220; x_wconf 92' lang='lat' dir='ltr'>vero</span> <span class='ocrx_word' id='word_1_156' title='bbox 458 2157 514 2236; x_wconf 86' lang='lat' dir='ltr'>qui</span> <span class='ocrx_word' id='word_1_157' title='bbox 530 2177 592 2221; x_wconf 75' lang='lat' dir='ltr'>aton</span> <span class='ocrx_word' id='word_1_158' title='bbox 606 2162 709 2221; x_wconf 80' lang='lat' dir='ltr'>virtus</span> <span class='ocrx_word' id='word_1_159' title='bbox 720 2164 779 2233; x_wconf 88' lang='lat' dir='ltr'>est,</span> <span class='ocrx_word' id='word_1_160' title='bbox 793 2161 876 2221; x_wconf 89' lang='lat' dir='ltr'>solet</span> <span class='ocrx_word' id='word_1_161' title='bbox 888 2158 1063 2237; x_wconf 86' lang='lat' dir='ltr'>aliquando</span> <span class='ocrx_word' id='word_1_162' title='bbox 1075 2158 1196 2218; x_wconf 82' lang='lat' dir='ltr'>uitium</span> 
     </span>
     <span class='ocr_line' id='line_1_25' title="bbox 175 2238 1197 2315; baseline 0 -18"><span class='ocrx_word' id='word_1_163' title='bbox 175 2239 344 2315; x_wconf 90' lang='lat' dir='ltr'>appellari.</span> <span class='ocrx_word' id='word_1_164' title='bbox 360 2240 415 2301; x_wconf 84' lang='lat' dir='ltr'>Est</span> <span class='ocrx_word' id='word_1_165' title='bbox 428 2240 557 2301; x_wconf 87' lang='lat' dir='ltr'>habitus</span> <span class='ocrx_word' id='word_1_166' title='bbox 572 2240 680 2301; x_wconf 88' lang='lat' dir='ltr'>virtuti</span> <span class='ocrx_word' id='word_1_167' title='bbox 696 2241 876 2300; x_wconf 89' lang='lat' dir='ltr'>contrarius</span> <span class='ocrx_word' id='word_1_168' title='bbox 889 2246 921 2300; x_wconf 88' lang='lat' dir='ltr'>et</span> <span class='ocrx_word' id='word_1_169' title='bbox 932 2253 972 2299; x_wconf 82' lang='lat' dir='ltr'>ex</span> <span class='ocrx_word' id='word_1_170' title='bbox 983 2256 1018 2299; x_wconf 91' lang='lat' dir='ltr'>se</span> <span class='ocrx_word' id='word_1_171' title='bbox 1029 2238 1197 2299; x_wconf 86' lang='lat' dir='ltr'>inclinans</span> 
     </span>
     <span class='ocr_line' id='line_1_26' title="bbox 175 2317 1193 2397; baseline -0.002 -18"><span class='ocrx_word' id='word_1_172' title='bbox 175 2317 340 2379; x_wconf 86' lang='lat' dir='ltr'>adactum</span> <span class='ocrx_word' id='word_1_173' title='bbox 358 2319 555 2380; x_wconf 86' lang='lat' dir='ltr'>contrarium</span> <span class='ocrx_word' id='word_1_174' title='bbox 579 2318 773 2397; x_wconf 89' lang='lat' dir='ltr'>perfectioni</span> <span class='ocrx_word' id='word_1_175' title='bbox 799 2321 949 2395; x_wconf 86' lang='lat' dir='ltr'>potentiae</span> <span class='ocrx_word' id='word_1_176' title='bbox 972 2322 1005 2381; x_wconf 90' lang='lat' dir='ltr'>in</span> <span class='ocrx_word' id='word_1_177' title='bbox 1029 2334 1096 2396; x_wconf 85' lang='lat' dir='ltr'>¹qua</span> <span class='ocrx_word' id='word_1_178' title='bbox 1123 2322 1193 2389; x_wconf 90' lang='lat' dir='ltr'>est;</span> 
     </span>
     <span class='ocr_line' id='line_1_27' title="bbox 176 2398 1196 2475; baseline -0.002 -17"><span class='ocrx_word' id='word_1_179' title='bbox 176 2415 207 2458; x_wconf 92' lang='lat' dir='ltr'>v.</span> <span class='ocrx_word' id='word_1_180' title='bbox 224 2414 272 2475; x_wconf 70' lang='lat' dir='ltr'>g..</span> <span class='ocrx_word' id='word_1_181' title='bbox 290 2414 417 2459; x_wconf 85' lang='lat' dir='ltr'>errores</span> <span class='ocrx_word' id='word_1_182' title='bbox 434 2400 489 2475; x_wconf 90' lang='lat' dir='ltr'>qui</span> <span class='ocrx_word' id='word_1_183' title='bbox 504 2401 659 2461; x_wconf 86' lang='lat' dir='ltr'>inclinant</span> <span class='ocrx_word' id='word_1_184' title='bbox 674 2398 716 2460; x_wconf 89' lang='lat' dir='ltr'>ad</span> <span class='ocrx_word' id='word_1_185' title='bbox 732 2398 861 2469; x_wconf 85' lang='lat' dir='ltr'>falsum,</span> <span class='ocrx_word' id='word_1_186' title='bbox 879 2398 943 2458; x_wconf 90' lang='lat' dir='ltr'>dici</span> <span class='ocrx_word' id='word_1_187' title='bbox 956 2403 1097 2475; x_wconf 87' lang='lat' dir='ltr'>possunt</span> <span class='ocrx_word' id='word_1_188' title='bbox 1116 2400 1196 2457; x_wconf 86' lang='lat' dir='ltr'>vitia</span> 
     </span>
     <span class='ocr_line' id='line_1_28' title="bbox 176 2478 1196 2555; baseline -0.004 -16"><span class='ocrx_word' id='word_1_189' title='bbox 176 2478 380 2546; x_wconf 64' lang='lat' dir='ltr'>intellectum</span> <span class='ocrx_word' id='word_1_190' title='bbox 396 2479 526 2540; x_wconf 90' lang='lat' dir='ltr'>habitus</span> <span class='ocrx_word' id='word_1_191' title='bbox 541 2480 736 2540; x_wconf 86' lang='lat' dir='ltr'>inclinantes</span> <span class='ocrx_word' id='word_1_192' title='bbox 751 2479 794 2540; x_wconf 90' lang='lat' dir='ltr'>ad</span> <span class='ocrx_word' id='word_1_193' title='bbox 814 2484 925 2555; x_wconf 90' lang='lat' dir='ltr'>turpes</span> <span class='ocrx_word' id='word_1_194' title='bbox 945 2484 977 2539; x_wconf 91' lang='lat' dir='ltr'>et</span> <span class='ocrx_word' id='word_1_195' title='bbox 1000 2479 1196 2537; x_wconf 89' lang='lat' dir='ltr'>inhonestos</span> 
     </span>
     <span class='ocr_line' id='line_1_29' title="bbox 177 2558 783 2620; baseline 0.002 -3"><span class='ocrx_word' id='word_1_196' title='bbox 177 2573 288 2619; x_wconf 90' lang='lat' dir='ltr'>mores</span> <span class='ocrx_word' id='word_1_197' title='bbox 303 2558 455 2619; x_wconf 89' lang='lat' dir='ltr'>dicuntur</span> <span class='ocrx_word' id='word_1_198' title='bbox 468 2560 543 2619; x_wconf 88' lang='lat' dir='ltr'>vitia</span> <span class='ocrx_word' id='word_1_199' title='bbox 558 2559 591 2618; x_wconf 90' lang='lat' dir='ltr'>in</span> <span class='ocrx_word' id='word_1_200' title='bbox 605 2559 783 2620; x_wconf 86' lang='lat' dir='ltr'>voluntate.</span> 
     </span>
    </p>
   </div>
   <div class='ocr_carea' id='block_1_3' title="bbox 399 2730 818 2852">
    <p class='ocr_par' dir='ltr' id='par_1_9' title="bbox 399 2730 818 2852">
     <span class='ocr_line' id='line_1_30' title="bbox 399 2730 818 2852; baseline -0.002 -62"><span class='ocrx_word' id='word_1_201' title='bbox 399 2814 420 2852; x_wconf 37' lang='grc' dir='ltr'>ι</span> <span class='ocrx_word' id='word_1_202' title='bbox 536 2730 753 2791; x_wconf 83' lang='lat' dir='ltr'>AllTlCULUS</span> <span class='ocrx_word' id='word_1_203' title='bbox 769 2730 818 2789; x_wconf 88' lang='lat' dir='ltr'>lll.</span> 
     </span>
    </p>
   </div>
   <div class='ocr_carea' id='block_1_4' title="bbox 541 2908 844 2987">
    <p class='ocr_par' dir='ltr' id='par_1_10' title="bbox 541 2908 844 2987">
     <span class='ocr_line' id='line_1_31' title="bbox 541 2908 844 2987; baseline 0 -16"><span class='ocrx_word' id='word_1_204' title='bbox 541 2916 587 2971; x_wconf 85' lang='lat' dir='ltr'>Dc</span> <span class='ocrx_word' id='word_1_205' title='bbox 615 2912 773 2972; x_wconf 78' lang='lat' dir='ltr'>relatione</span> <span class='ocrx_word' id='word_1_206' title='bbox 788 2908 844 2987; x_wconf 77' lang='lat' dir='ltr'>(a).</span> 
     </span>
    </p>
   </div>
   <div class='ocr_carea' id='block_1_5' title="bbox 180 3065 1199 3384">
    <p class='ocr_par' dir='ltr' id='par_1_11' title="bbox 180 3065 1199 3384">
     <span class='ocr_line' id='line_1_32' title="bbox 222 3065 1199 3149; baseline -0.004 -21"><span class='ocrx_word' id='word_1_207' title='bbox 222 3073 292 3132; x_wconf 78' lang='lat'><strong>372.</strong></span> <span class='ocrx_word' id='word_1_208' title='bbox 305 3104 344 3113; x_wconf 86' lang='lat'><em>-</em></span> <span class='ocrx_word' id='word_1_209' title='bbox 359 3072 394 3130; x_wconf 94' lang='lat' dir='ltr'>ln</span> <span class='ocrx_word' id='word_1_210' title='bbox 408 3071 471 3131; x_wconf 90' lang='lat' dir='ltr'>hoc</span> <span class='ocrx_word' id='word_1_211' title='bbox 486 3070 621 3130; x_wconf 88' lang='lat' dir='ltr'>articulo</span> <span class='ocrx_word' id='word_1_212' title='bbox 651 3083 805 3149; x_wconf 84' lang='lat' dir='ltr'>agemus:</span> <span class='ocrx_word' id='word_1_213' title='bbox 822 3071 850 3128; x_wconf 86' lang='lat' dir='ltr'>l⁰</span> <span class='ocrx_word' id='word_1_214' title='bbox 866 3066 908 3127; x_wconf 87' lang='lat' dir='ltr'>de</span> <span class='ocrx_word' id='word_1_215' title='bbox 927 3065 1086 3127; x_wconf 88' lang='lat' dir='ltr'>relatione</span> <span class='ocrx_word' id='word_1_216' title='bbox 1104 3065 1139 3125; x_wconf 93' lang='lat' dir='ltr'>in</span> <span class='ocrx_word' id='word_1_217' title='bbox 1158 3080 1199 3124; x_wconf 92' lang='lat' dir='ltr'>se</span> 
     </span>
     <span class='ocr_line' id='line_1_33' title="bbox 180 3144 1197 3228; baseline -0.006 -17"><span class='ocrx_word' id='word_1_218' title='bbox 180 3155 343 3228; x_wconf 86' lang='lat' dir='ltr'>spectata,</span> <span class='ocrx_word' id='word_1_219' title='bbox 359 3152 391 3211; x_wconf 79' lang='lat'>2⁰</span> <span class='ocrx_word' id='word_1_220' title='bbox 407 3150 448 3211; x_wconf 91' lang='lat' dir='ltr'>de</span> <span class='ocrx_word' id='word_1_221' title='bbox 463 3149 635 3211; x_wconf 89' lang='lat' dir='ltr'>identitate</span> <span class='ocrx_word' id='word_1_222' title='bbox 646 3154 678 3209; x_wconf 89' lang='lat' dir='ltr'>et</span> <span class='ocrx_word' id='word_1_223' title='bbox 690 3148 898 3209; x_wconf 86' lang='lat' dir='ltr'>distinctione</span> <span class='ocrx_word' id='word_1_224' title='bbox 916 3146 1033 3223; x_wconf 87' lang='lat' dir='ltr'>quibus</span> <span class='ocrx_word' id='word_1_225' title='bbox 1050 3144 1197 3205; x_wconf 81' lang='lat' dir='ltr'>fundan·</span> 
     </span>
     <span class='ocr_line' id='line_1_34' title="bbox 182 3225 1199 3307; baseline -0.006 -17"><span class='ocrx_word' id='word_1_226' title='bbox 182 3237 234 3291; x_wconf 92' lang='lat' dir='ltr'>tur</span> <span class='ocrx_word' id='word_1_227' title='bbox 249 3228 416 3307; x_wconf 84' lang='lat' dir='ltr'>praecipuae</span> <span class='ocrx_word' id='word_1_228' title='bbox 430 3231 618 3291; x_wconf 75' lang='lat' dir='ltr'>relationes,</span> <span class='ocrx_word' id='word_1_229' title='bbox 632 3231 687 3290; x_wconf 88' lang='lat' dir='ltr'>llio</span> <span class='ocrx_word' id='word_1_230' title='bbox 702 3226 871 3289; x_wconf 88' lang='lat' dir='ltr'>secundus</span> <span class='ocrx_word' id='word_1_231' title='bbox 886 3226 1112 3303; x_wconf 82' lang='lat' dir='ltr'>paragraphus</span> <span class='ocrx_word' id='word_1_232' title='bbox 1136 3225 1199 3284; x_wconf 89' lang='lat' dir='ltr'>ba·</span> 
     </span>
     <span class='ocr_line' id='line_1_35' title="bbox 181 3306 1096 3384; baseline -0.009 -12"><span class='ocrx_word' id='word_1_233' title='bbox 181 3311 251 3372; x_wconf 91' lang='lat' dir='ltr'>beri</span> <span class='ocrx_word' id='word_1_234' title='bbox 268 3308 369 3369; x_wconf 86' lang='lat' dir='ltr'>debet</span> <span class='ocrx_word' id='word_1_235' title='bbox 382 3312 419 3370; x_wconf 91' lang='lat' dir='ltr'>ut</span> <span class='ocrx_word' id='word_1_236' title='bbox 440 3309 664 3369; x_wconf 88' lang='lat' dir='ltr'>necessarium</span> <span class='ocrx_word' id='word_1_237' title='bbox 680 3308 960 3384; x_wconf 89' lang='lat' dir='ltr'>complementum</span> <span class='ocrx_word' id='word_1_238' title='bbox 970 3306 1096 3382; x_wconf 91' lang='lat' dir='ltr'>prioris.</span> 
     </span>
    </p>
   </div>
   <div class='ocr_carea' id='block_1_6' title="bbox 214 3510 901 3586">
    <p class='ocr_par' dir='ltr' id='par_1_12' title="bbox 214 3510 901 3586">
     <span class='ocr_line' id='line_1_36' title="bbox 214 3510 901 3586; baseline -0.007 -17"><span class='ocrx_word' id='word_1_239' title='bbox 214 3520 390 3586; x_wconf 72' lang='lat' dir='ltr'>(1)Metopb‚‚</span> <span class='ocrx_word' id='word_1_240' title='bbox 416 3517 481 3583; x_wconf 80' lang='lat' dir='ltr'>disp.</span> <span class='ocrx_word' id='word_1_241' title='bbox 496 3520 538 3570; x_wconf 76' lang='lat' dir='ltr'>ll.</span> <span class='ocrx_word' id='word_1_242' title='bbox 555 3534 577 3567; x_wconf 87' lang='lat' dir='ltr'>s.</span> <span class='ocrx_word' id='word_1_243' title='bbox 591 3518 629 3579; x_wconf 89' lang='grc'>13,</span> <span class='ocrx_word' id='word_1_244' title='bbox 644 3520 669 3565; x_wconf 69' lang='lat'>4⁰</span> <span class='ocrx_word' id='word_1_245' title='bbox 684 3510 775 3565; x_wconf 77' lang='lat' dir='ltr'>divisio</span> <span class='ocrx_word' id='word_1_246' title='bbox 790 3514 901 3564; x_wconf 84' lang='lat' dir='ltr'>babitus.</span> 
     </span>
    </p>
   </div>
   <div class='ocr_carea' id='block_1_7' title="bbox 183 3603 1202 3731">
    <p class='ocr_par' dir='ltr' id='par_1_13' title="bbox 183 3603 1202 3731">
     <span class='ocr_line' id='line_1_37' title="bbox 210 3603 1202 3672; baseline -0.009 -13"><span class='ocrx_word' id='word_1_247' title='bbox 210 3611 295 3671; x_wconf 76' lang='lat' dir='ltr'>(atne</span> <span class='ocrx_word' id='word_1_248' title='bbox 315 3609 407 3658; x_wconf 88' lang='lat' dir='ltr'>Thom.</span> <span class='ocrx_word' id='word_1_249' title='bbox 422 3624 448 3672; x_wconf 90' lang='lat' dir='ltr'>p.</span> <span class='ocrx_word' id='word_1_250' title='bbox 469 3609 489 3656; x_wconf 93' lang='lat' dir='ltr'>l.</span> <span class='ocrx_word' id='word_1_251' title='bbox 515 3623 558 3669; x_wconf 89' lang='lat' dir='ltr'>qu.</span> <span class='ocrx_word' id='word_1_252' title='bbox 573 3607 642 3666; x_wconf 89' lang='lat' dir='ltr'>Xlll,</span> <span class='ocrx_word' id='word_1_253' title='bbox 663 3610 714 3654; x_wconf 88' lang='lat' dir='ltr'>art.</span> <span class='ocrx_word' id='word_1_254' title='bbox 728 3605 752 3653; x_wconf 79' lang='grc' dir='ltr'>Ἰ.</span> <span class='ocrx_word' id='word_1_255' title='bbox 767 3604 930 3668; x_wconf 83' lang='lat' dir='ltr'>-Opusonl</span> <span class='ocrx_word' id='word_1_256' title='bbox 958 3604 988 3653; x_wconf 78' lang='lat'>47</span> <span class='ocrx_word' id='word_1_257' title='bbox 1015 3603 1083 3652; x_wconf 86' lang='lat' dir='ltr'>inter</span> <span class='ocrx_word' id='word_1_258' title='bbox 1110 3616 1202 3667; x_wconf 83' lang='lat' dir='ltr'>opusc.</span> 
     </span>
     <span class='ocr_line' id='line_1_38' title="bbox 183 3666 1007 3731; baseline -0.01 -12"><span class='ocrx_word' id='word_1_259' title='bbox 183 3672 215 3719; x_wconf 80' lang='lat' dir='ltr'>lt.</span> <span class='ocrx_word' id='word_1_260' title='bbox 231 3671 323 3719; x_wconf 78' lang='lat' dir='ltr'>Thom.</span> <span class='ocrx_word' id='word_1_261' title='bbox 335 3696 367 3709; x_wconf 92' lang='lat'><em>-</em></span> <span class='ocrx_word' id='word_1_262' title='bbox 379 3671 419 3718; x_wconf 84' lang='lat' dir='ltr'>De</span> <span class='ocrx_word' id='word_1_263' title='bbox 429 3671 555 3719; x_wconf 83' lang='lat' dir='ltr'>Potentia</span> <span class='ocrx_word' id='word_1_264' title='bbox 567 3668 635 3716; x_wconf 88' lang='lat' dir='ltr'>inter</span> <span class='ocrx_word' id='word_1_265' title='bbox 648 3667 730 3731; x_wconf 88' lang='lat' dir='ltr'>dispp.</span> <span class='ocrx_word' id='word_1_266' title='bbox 745 3682 788 3729; x_wconf 91' lang='lat' dir='ltr'>qu.</span> <span class='ocrx_word' id='word_1_267' title='bbox 802 3666 826 3725; x_wconf 79' lang='lat'>7,</span> <span class='ocrx_word' id='word_1_268' title='bbox 842 3670 891 3714; x_wconf 87' lang='lat' dir='ltr'>art.</span> <span class='ocrx_word' id='word_1_269' title='bbox 906 3667 921 3715; x_wconf 90' lang='lat'>8</span> <span class='ocrx_word' id='word_1_270' title='bbox 936 3666 967 3713; x_wconf 84' lang='lat' dir='ltr'>ad</span> <span class='ocrx_word' id='word_1_271' title='bbox 984 3666 1007 3712; x_wconf 87' lang='lat' dir='ltr'>l.</span> 
     </span>
    </p>
   </div>
   <div class='ocr_carea' id='block_1_8' title="bbox 0 0 1354 4242">
    <p class='ocr_par' dir='ltr' id='par_1_14' title="bbox 0 0 1354 4242">
     <span class='ocr_line' id='line_1_39' title="bbox 0 0 1354 4242; baseline 0 0"><span class='ocrx_word' id='word_1_272' title='bbox 0 0 1354 4242; x_wconf 95' lang='lat' dir='ltr'> </span> 
     </span>
    </p>
   </div>
  </div>
 </body>
</html>
