2650 4242
473 299 590 346 coarcta
609 297 683 343 rsus
704 301 735 344 n.
760 337 762 344 ,
1065 280 1121 341 105

99 416 273 480 fractionis
294 415 413 479 eodem
429 413 679 477 denominatore
694 411 884 484 constantis,
900 411 1034 474 exhibet
1047 429 1120 491 gra·

103 496 188 559 dum
209 496 448 575 probabilitatis
463 499 497 555 et
521 493 682 556 certitudo
705 492 1065 556 babereturutunitas.

146 577 215 638 Sed
231 575 392 639 certitudo
413 589 480 635 non
494 578 604 652 potest
613 571 814 634 considerari
828 578 985 650 tanquam
1001 587 1121 652 conge·

102 658 173 718 ries
186 657 468 736 probabilitatum;
482 653 649 732 siquidem
666 652 840 720 certitudo,
852 659 888 713 ut
902 657 1017 730 postea
1034 653 1121 714 dice·

102 754 193 803 mus.
212 736 422 815 distinguitur
434 749 453 795 a
467 734 699 811 probabilitate
715 741 872 812 tanquam
889 747 997 812 genus
1019 749 1037 794 a
1058 748 1117 812 gc-

103 833 201 880 nere.

471 945 690 1009 ARTICULUS
712 947 762 1007 lii.

56 1148 60 1158 ,
104 1083 152 1142 Dc
165 1086 253 1143 statu
268 1080 381 1141 meotis
393 1079 668 1220 vmmmtpoltm
682 1079 888 1154 assequentis,
904 1093 961 1141 scu
975 1079 1013 1139 de
1024 1081 1118 1140 certi-

570 1176 593 1218 u
615 1176 678 1219 cue.

149 1291 218 1354 169.
236 1325 274 1336 -
289 1290 468 1362 Certitudo,
492 1306 562 1367 quae
577 1295 773 1366 potestesse
789 1288 966 1368 scientifica
981 1290 1034 1351 vel
1061 1307 1120 1351 na-

105 1372 232 1443 turalis,
247 1376 297 1432 est
310 1372 364 1431 ille
382 1375 488 1431 status
508 1374 541 1431 in
564 1386 629 1448 quo
654 1387 750 1431 mens
773 1371 903 1446 quiescit
924 1374 958 1430 in
985 1386 1119 1447 posses·

104 1453 201 1514 sione
215 1453 372 1522 veritatis;
391 1450 470 1512 dum
485 1449 572 1512 enim
585 1465 759 1529 assensum
782 1455 972 1527 prestamus
994 1453 1118 1513 veritati

103 1530 190 1611 (160.
207 1531 252 1609 2⁰)
278 1534 350 1593 sina
373 1530 490 1595 erroris
513 1529 700 1603 formidine,
723 1533 804 1590 certi
815 1547 936 1591 sumus.
953 1530 1120 1593 Certiludo

103 1613 208 1692 igitur
228 1609 354 1673 definiri
368 1616 477 1688 potest
493 1628 500 1669 :
516 1611 656 1686 firmitas
668 1611 861 1672 adhaesimus
873 1613 1005 1671 ueritati
1015 1613 1121 1687 capui-

108 1699 160 1753 ta.

147 1772 187 1834 Ut
207 1775 299 1848 patet
320 1788 361 1831 ex
383 1768 584 1844 definitione,
602 1768 765 1831 certitudo
779 1767 931 1847 primario
944 1768 1063 1830 dicitur
1077 1770 1119 1832 de
1212 1815 1215 1820 -

105 1855 223 1912 mente
241 1857 275 1912 et
297 1850 494 1913 secundario
519 1849 561 1909 de
586 1850 717 1929 objecto
740 1865 840 1927 aquo
869 1848 1116 1911 determinatur.

109 1934 139 1992 1⁰
154 1931 253 1992 Prout
269 1927 428 1992 demente
443 1928 571 1996 dicitur,
595 1946 655 1991 seu
670 1933 704 1991 in
728 1933 887 2008 quantum
902 1935 952 1990 est
972 1930 1118 2008 legitima

107 2015 140 2072 et
166 2009 259 2072 firma
281 2009 421 2072 adhaesio
445 2010 571 2071 veritati
594 2011 743 2088 cognita,
771 2009 890 2072 dicitur
910 2009 1117 2086 subjectiva:

106 2095 310 2168 quapropter
349 2106 416 2151 non
457 2089 527 2150 sola
568 2086 702 2151 firmitas
745 2113 757 2142 «
796 2090 1018 2166 persuasionis
1058 2105 1119 2150 seu

106 2172 320 2232 convictionis
338 2195 365 2243 ι,
380 2178 417 2232 ut
432 2172 534 2240 aiunt,
551 2168 719 2230 constituit
734 2168 963 2230 certitudinem
982 2168 1116 2246 subJ'ec-

105 2253 219 2317 livam,
235 2249 297 2311 sed
311 2255 436 2310 tautum
458 2248 599 2310 adhaesio
615 2247 707 2310 firma
721 2250 784 2326 ipsi
794 2250 920 2310 veritati
935 2255 986 2310 est
1000 2265 1075 2310 vera
1087 2255 1120 2309 et

104 2331 240 2408 proprie
257 2329 342 2390 dicta
357 2328 529 2390 certitudo.
545 2329 578 2388 25>
590 2329 690 2390 Proui
701 2331 854 2390 translate
865 2327 996 2403 obiecto
1008 2328 1118 2389 tribui-

105 2415 170 2482 tur,
195 2416 359 2488 quatenus
372 2411 454 2471 illud
476 2409 642 2488 objectum
658 2415 709 2470 est
724 2408 882 2469 idoneum
901 2407 944 2469 ad
958 2409 1042 2469 hauc
1058 2409 1116 2470 ad-

103 2490 282 2552 haesionem
319 2487 445 2551 firmam
481 2489 755 2567 extorquendam,
798 2489 915 2549 dicitur
948 2489 1116 2563 objectiva,

105 2587 179 2648 quae
193 2568 331 2646 proinde
347 2574 398 2631 est
411 2571 592 2630 necessitas
606 2568 750 2632 veritatis
771 2585 832 2631 seu
847 2570 918 2644 ipsa
932 2570 1051 2630 veritas
1070 2570 1117 2630 rei

103 2648 310 2711 manifestata
324 2650 363 2710 iis
378 2648 558 2710 rationibus
573 2664 645 2725 quae
665 2650 833 2726 postulant
855 2647 985 2710 firmum
1005 2663 1117 2710 asseu-

101 2744 189 2790 sum.
201 2729 368 2791 Certitudo
382 2729 572 2807 subjectiva,
586 2746 686 2807 quam
695 2726 801 2792 firmat
813 2729 971 2791 certitudo
982 2730 1116 2809 objecti·

102 2825 156 2881 va,
174 2815 226 2870 est
241 2809 399 2871 certitudo
420 2809 611 2884 simpliciter
624 2811 721 2870 dicta.

145 2888 311 2951 Certitudo
322 2887 420 2949 afficit
433 2891 537 2965 ipsam
547 2892 770 2964 copaiticueru.
786 2888 883 2950 Porro
896 2887 1037 2966 cognitio
1051 2887 1116 2949 duo

104 2969 270 3030 elementa
285 2969 451 3042 subaudit,
478 2969 663 3048 subjectum
680 2969 865 3044 percipiens
903 2972 936 3029 et
951 2968 1116 3046 objectum

102 3055 310 3126 perceptum.
333 3050 448 3110 Mirum
475 3065 554 3127 ergo
583 3063 651 3110 non
681 3053 732 3109 est
753 3050 857 3124 ipsam
887 3047 1118 3110 certitudinem

103 3130 204 3189 eliani
220 3129 368 3190 distribui
390 3132 422 3188 in
437 3129 655 3208 subjectivum
671 3133 703 3188 et
718 3127 930 3206 objectivam;
950 3132 1001 3188 est
1025 3130 1113 3188 enim

99 3208 292 3283 formaliter
305 3208 498 3288 subjectiva,
517 3213 550 3270 et
563 3209 740 3270 causaliter
750 3208 911 3286 objectiva
926 3208 1115 3281 :certitudo

101 3303 180 3348 cum
195 3291 236 3348 sit
249 3295 353 3350 status
372 3291 493 3350 mentis
508 3289 745 3349 determinatus
761 3303 778 3348 a
793 3289 929 3349 veritate
945 3293 1114 3366 percepta,

99 3371 294 3444 nequitnon
310 3371 419 3429 inesse
441 3369 551 3447 aliquo
573 3367 673 3428 modo
685 3367 748 3444 ipsi
762 3369 811 3427 rei
825 3383 919 3429 verae.

138 3449 187 3509 le
201 3455 318 3509 natura
329 3451 501 3526 utriusque
518 3447 723 3509 certitudinis
746 3446 851 3525 liquet
872 3462 1059 3527 repugnare
1080 3453 1117 3509 ut

100 3528 252 3590 assensui
274 3524 467 3605 simpliciter
480 3534 566 3591 certo
579 3527 687 3589 subsit
706 3543 816 3601 error;
849 3543 1004 3589 assensus
1029 3527 1115 3588 enim

96 3607 155 3750 {lile
171 3612 221 3670 est
234 3609 423 3684 simpliciter
436 3615 545 3669 certus
561 3611 613 3670 cui
626 3605 810 3686 respondet
825 3605 982 3669 certitudo
999 3606 1112 3686 objec-

122 3703 177 3752 va.
