2650 4242
465 313 582 357 noeros
603 309 677 354 rsus
697 313 718 354 1.
1061 286 1098 347 17

120 435 157 496 40
172 437 208 496 ln
221 432 401 508 simplicem
417 432 450 490 et
465 429 687 504 compositum,
708 423 806 502 prout
815 425 984 504 objectum
1000 437 1095 483 oons-

80 519 133 577 tat
149 530 216 575 una
230 516 319 586 nota,
337 511 391 572 vel
403 509 561 587 pluribus
577 521 607 570 v.
624 523 672 586 g.,
697 521 785 579 earo,
807 506 918 567 bomo.

121 597 157 656 5⁰
172 597 207 656 ln
221 596 404 652 concretum
426 592 460 650 et
475 589 686 657 obstructum,
700 586 735 646 in
758 599 958 647 communem
980 587 1100 660 etpro-

73 676 208 750 pm'nm,
235 673 320 733 sieut
335 671 506 740 terminus,
523 667 563 728 de
576 683 641 745 quo
657 664 752 726 inira.

455 853 673 916 ARTICULUS
695 854 732 913 ll.

380 1035 426 1092 De
451 1032 551 1106 sipm's
579 1035 792 1105 conceptuum

469 1209 492 1267 1.
516 1205 607 1286 Signi
627 1209 730 1268 notio.

130 1381 182 1443 23.
199 1376 450 1453 -Conceptus,
466 1376 576 1448 uteie,
592 1375 625 1436 in
639 1380 753 1436 mente
770 1377 983 1455 concipientis
998 1395 1105 1439 rema-

77 1469 186 1535 nent,
205 1463 239 1520 et
260 1459 341 1519 alios
355 1457 506 1518 homines
526 1456 636 1527 latent,
658 1455 807 1534 quandiu
832 1460 976 1519 exterius
998 1459 1107 1538 aliquo

88 1543 189 1622 signo
212 1537 359 1600 sensibili
383 1553 452 1596 non
474 1533 737 1597 manifestantur.
763 1537 824 1597 Per
845 1541 974 1615 sipnnm
998 1542 1109 1600 stricte

88 1623 264 1698 sumptum
286 1617 481 1695 intelligitur
506 1617 666 1693 quidquid
687 1620 860 1691 coponium,
885 1619 1040 1691 focultntc'
1057 1636 1109 1679 eo-

89 1701 277 1780 pnosen'tn'oae
299 1698 427 1773 oltqm'n
440 1714 461 1756 o
475 1713 507 1756 se
522 1696 617 1756 eliud
628 1703 834 1770 representat
854 1720 864 1758 :
883 1700 941 1771 sie,
967 1699 1112 1777 sigillum

90 1779 251 1861 principis
266 1779 298 1840 in
314 1782 460 1838 mentem
475 1779 610 1837 revocat
632 1777 862 1838 auctoritatem
877 1780 975 1857 hujus
990 1781 1109 1856 princi·

91 1864 161 1940 pis;
180 1864 287 1920 statua
302 1858 355 1918 vel
370 1859 497 1932 pictura
512 1855 648 1916 Caesaris
664 1860 716 1916 est
734 1857 866 1935 signum
896 1859 1111 1939 quodssaesa-

92 1958 168 2004 rem
189 1941 421 2016 repraesentat.

136 2022 239 2098 Signa
252 2019 285 2078 in
302 2017 469 2094 duplicem
484 2017 632 2092 speciem
645 2017 757 2092 partiri
772 2026 920 2094 possunt,
937 2020 1062 2080 scilicet
1080 2021 1114 2081 in

95 2098 356 2162 conventionalia
372 2103 405 2157 et
418 2097 598 2156 nntnrolio.
617 2098 754 2174 Signum
780 2097 896 2159 dieitur
926 2100 1114 2161 conventio-

94 2182 173 2243 nale
185 2195 247 2240 seu
262 2177 304 2238 ad
318 2176 486 2255 placitum,
505 2177 533 2237 si
545 2182 692 2254 expecto
707 2180 832 2237 tantum
845 2196 918 2239 rem
932 2196 1114 2256 repraesen-

96 2265 158 2333 tat,
173 2260 219 2320 uti
229 2257 371 2336 sigillum
387 2256 554 2332 principis.

137 2335 431 2410 Diciturnntmmle,
445 2335 577 2412 quando
586 2339 748 2396 exnatura
759 2353 820 2398 sua
832 2338 999 2416 objectum
1009 2340 1111 2417 signi-

97 2420 176 2482 fieat
194 2439 201 2480 :
218 2435 249 2479 v.
265 2435 329 2496 gr„
346 2419 430 2476 risus
446 2419 495 2477 est
511 2417 642 2493 signum
653 2417 789 2487 laetitiis,
801 2417 961 2496 impressa
974 2420 1114 2497 vestigia

99 2504 179 2562 sunt
193 2501 289 2578 signa
303 2496 462 2557 naturalia
477 2496 572 2572 pedis
587 2497 802 2573 imprimentis

139 2579 192 2640 24.
209 2611 249 2622 —
262 2576 298 2636 ld
313 2592 411 2637 omne
428 2574 518 2652 quod
534 2581 713 2652 conceptus
727 2578 905 2639 invisibiles
916 2579 1116 2641 sensibiliter

101 2660 258 2737 exprimit
273 2660 306 2718 et
323 2653 521 2725 manifestat,
546 2655 663 2716 dicitur
687 2657 819 2735 signum
841 2657 1014 2719 idearum:
1040 2659 1116 2719 bino

101 2744 232 2821 gestus
258 2739 368 2808 nutus,
394 2741 471 2807 eto,
492 2737 526 2796 in
555 2741 715 2813 quantum
737 2735 947 2799 manifestant
970 2741 1116 2800 internas

102 2820 205 2892 animi
216 2814 488 2884 modificationes,
503 2820 580 2876 sunt
601 2817 706 2894 signa.
728 2819 768 2877 At
784 2819 983 2894 completum
994 2826 1028 2880 et
1038 2836 1114 2897 per·

102 2899 230 2962 fectum
240 2900 426 2956 nostrarum
437 2897 588 2956 ideonum
598 2895 732 2974 signum
740 2902 789 2962 est
797 2898 941 2975 loquela,
955 2916 1030 2976 quae
1043 2916 1118 2960 cum

104 2974 296 3042 omnimoda
307 2975 552 3052 perspicuitate,
567 2975 776 3037 distinetione
788 2982 822 3037 et
830 2978 990 3041 brevitate
1002 2994 1118 3043 omnes

106 3063 288 3135 conceptus
302 3055 420 3115 mentis
434 3053 630 3117 manifestat.
640 3055 739 3116 Prout
749 3057 829 3117 illud
845 3057 1119 3134 perfectissimum

106 3141 241 3218 signum
262 3135 426 3211 simplices
447 3134 751 3211 conceptusrefert,
771 3136 889 3198 dieitur
912 3141 1131 3214 vocobulum·

15 3287 16 3290 Ἴ
108 3217 200 3298 quod
223 3216 323 3276 etiam
336 3216 517 3290 nuncupari
532 3221 643 3290 potest
656 3218 812 3277 terminus
826 3219 938 3279 erulis.

148 3295 353 3359 Vocabulum
368 3299 479 3356 autem
495 3293 647 3357 definitur
663 3316 670 3356 :
690 3313 755 3356 uon
777 3299 951 3359 articulato
964 3302 1009 3360 nd
1019 3302 1119 3377 sipni·

15 3355 18 3382 ⁵
108 3380 276 3456 licendum
299 3377 456 3436 mstilntn.
474 3375 553 3434 ilino
569 3381 620 3437 est
644 3378 787 3454 signum,
809 3391 877 3436 non
899 3383 1061 3455 naturale,
1085 3385 1124 3442 ut

20 3712 40 4187 l

111 3455 247 3537 quidam
262 3456 387 3527 volunt,
400 3454 460 3516 sed
476 3456 739 3517 conventionale.
750 3457 924 3530 Etrevera,
936 3460 1123 3524 lieetvoces

110 3537 293 3601 articulatae
310 3552 350 3596 ex
364 3538 481 3595 natura
502 3551 561 3596 sua
584 3536 726 3596 maxime
741 3538 806 3598 sint
829 3544 912 3614 opta
936 3539 979 3601 ad
1002 3542 1123 3623 signifi-

114 3616 267 3688 candum,
285 3631 352 3677 non
367 3618 478 3677 tamen
493 3619 568 3675 actu
589 3613 774 3694 significant
787 3617 851 3678 hoc
869 3619 923 3682 vel
944 3620 1037 3699 illud,
1062 3626 1126 3688 nisi

115 3715 157 3761 ex
169 3697 399 3771 conventione,
414 3699 452 3755 ut
464 3695 582 3771 probat
603 3712 750 3774 sequens

443 3791 525 3842 Bnev.
539 3792 614 3842 Pan..
629 3793 660 3844 Τ.
675 3793 695 3842 Ι.
706 3794 766 3845 -2
