2650 4242
287 274 487 319 unrarnrsnu
510 273 594 329 can,
616 272 673 318 san
696 272 877 320 onrococu.
1035 256 1095 319 205

109 392 170 454 353
180 389 537 452 bis—Accidenssumi
547 393 658 465 potest
670 389 700 448 l0
710 390 878 465 adjective,
895 393 928 449 et
938 388 1014 449 dicit
1025 406 1094 450 nta-

70 470 239 533 tericlr‘ter
252 486 323 531 rem
337 486 409 547 quae
423 468 591 530 adherere
604 471 726 545 potest,
744 471 777 528 et
787 468 976 543 formaliter
988 469 1095 546 ipsam

66 551 308 624 inhaerentiam,
337 550 587 623 2⁰substanticc,
617 550 717 625 prout
744 546 907 627 significat
921 546 1010 609 illam
1023 565 1095 611 rem

69 648 143 709 qua
157 635 269 709 potest
282 628 460 701 adhaerere,
475 628 546 689 siva
561 630 637 689 actu
651 626 825 700 adhereat,
848 628 917 689 sive
932 644 1011 689 non.

71 756 144 816 354.
171 789 212 798 -
234 756 353 815 Tarsis.
376 754 461 813 ticet
486 753 634 812 accidens
660 750 775 811 tattort'
800 767 895 811 sensu
928 759 1094 829 acceptum

109 850 178 893 nota
190 835 370 894 acccmcrtc
391 832 611 907 distinguatur
625 847 646 890 a
667 831 857 902 substantia,
886 836 996 893 tamen
1009 834 1095 894 tuter

113 914 295 974 accidentia
304 913 442 988 pbpstcc
455 910 497 989 (l)
520 918 549 972 ct
569 911 784 971 substanttam
798 910 913 987 attona
928 912 1018 972 debet
1032 914 1093 973 ad-

113 994 203 1053 mitti
214 993 373 1053 distinctio
388 991 500 1051 rectis.

70 1181 78 1195 ,
114 1118 200 1177 Pars
236 1118 265 1176 la
287 1131 350 1191 per
368 1131 402 1175 se
415 1114 525 1190 liquet.
549 1113 582 1173 Si
597 1115 686 1173 enim
707 1115 864 1191 ageretur
879 1113 921 1175 de
936 1114 1090 1177 acciden-

73 1197 162 1257 tibus
176 1194 302 1273 logicis,
319 1192 529 1255 manifestum
541 1198 591 1252 est
605 1192 673 1253 hac
684 1190 867 1253 accidentia
882 1194 952 1254 sola
967 1198 1093 1259 ratione

75 1275 211 1337 differre
232 1291 250 1335 a
266 1272 447 1335 substantia
464 1292 471 1333 :
488 1288 565 1332 nam
580 1288 647 1333 non
663 1278 740 1333 sunt
754 1272 817 1332 nisi
831 1275 864 1333 in
876 1273 991 1335 ordine
1011 1275 1093 1355 logi-

73 1372 126 1415 co.
146 1356 216 1416 Non
230 1356 339 1433 agitur
354 1354 453 1414 etlam
468 1351 629 1431 demodis
644 1352 926 1427 substantialibus,
940 1370 1015 1415 cum
1030 1358 1095 1418 sint
1124 1410 1128 1417 .

73 1437 204 1495 tantum
218 1438 322 1495 status
350 1431 483 1493 essendi
499 1431 601 1510 ipsius
630 1432 829 1504 substantiae,
847 1437 883 1493 ut
901 1432 985 1495 intra
1002 1434 1092 1496 dice·

75 1520 139 1575 tur.
163 1513 264 1591 Igitur
278 1512 427 1590 quadam
443 1512 562 1572 dantur
585 1510 769 1573 accidentia
789 1527 860 1588 qua
878 1514 1095 1577 asubstantia

73 1594 283 1655 nonrealiter
299 1592 555 1670 distinguuntur.

113 1675 236 1733 Verum
249 1676 277 1734 si
292 1672 334 1733 de
348 1670 575 1733 accidentibus
589 1668 734 1749 physicis
751 1674 784 1729 et
800 1674 967 1747 corporeis
981 1689 1092 1737 sermo

73 1756 126 1826 sit,
143 1770 211 1813 non
225 1768 342 1829 parum
355 1752 441 1812 inter
454 1767 491 1811 se
507 1748 670 1810 dissident
690 1751 852 1809 auctores.

116 1832 307 1893 scholastici
333 1831 519 1909 generatim
547 1827 710 1889 affirmant
733 1828 889 1891 accidens
917 1832 1094 1913 physicum

74 1913 209 1974 realiter
230 1911 386 1991 distingui
408 1928 426 1971 a
452 1910 644 1972 substantia.
663 1908 741 1979 ,Alii
777 1908 895 1971 docent
923 1913 1092 1990 accidens
1205 1921 1207 1931 ’

75 1993 178 2051 etiarn
192 2007 399 2068 corporeum,
416 2006 483 2051 non
506 1988 662 2067 distingui
676 1988 822 2060 realiter,
846 2004 908 2051 seu
926 2008 996 2054 non
1019 2010 1093 2057 asse

74 2073 220 2149 aliquam
249 2072 431 2133 realitatem
458 2069 542 2129 ultra
582 2068 766 2129 realitatem
802 2071 1002 2146 substantia,
1031 2074 1092 2136 sed

75 2150 285 2212 solummodo
307 2150 459 2212 ordinem
474 2148 658 2210 substantiae
673 2146 716 2208 ad
731 2147 854 2226 aliquid
868 2150 968 2214 aliud.

116 2230 280 2291 Probatur
293 2232 325 2292 2ιι
336 2246 418 2306 pars
431 2231 563 2291 theseos.
580 2226 772 2289 accidentia
787 2229 927 2323 alicujus
942 2234 1093 2296 substan-

77 2310 125 2370 tiae
144 2312 286 2387 possunt
299 2310 342 2371 ad
356 2312 460 2386 ipsam
481 2308 643 2369 accedere
658 2307 712 2367 vel
733 2308 772 2368 ab
791 2324 831 2369 ea
846 2308 1032 2387 d1scedere,
1056 2328 1094 2377 ac

75 2388 216 2465 proinde
245 2394 321 2451 sunt
349 2387 473 2466 aliquid
486 2389 589 2448 reale.
611 2387 708 2463 Atqui
730 2387 924 2462 substantia,
945 2392 1095 2455 nondum

73 2470 204 2530 habens
218 2470 284 2531 tale
305 2468 470 2540 accidens
488 2469 621 2529 realiter
640 2468 852 2545 distinguitur
873 2486 892 2529 a
911 2472 1096 2535 substantia

73 2551 135 2609 troc
156 2551 318 2610 accidente
339 2552 434 2609 aucta
458 2568 465 2608 :
493 2564 525 2610 v.
552 2564 584 2626 g.
617 2562 693 2607 cera
714 2563 780 2607 non
809 2549 936 2611 habens
954 2550 1094 2614 formam

75 2629 239 2701 animalis,
254 2630 386 2689 realiter
402 2627 614 2705 distinguitur
635 2640 745 2687 acere
765 2642 839 2688 omn
867 2630 929 2690 hac
952 2630 1058 2695 forma
1083 2652 1091 2693 ε

74 2709 142 2769 llaec
165 2706 328 2769 distinctio
342 2723 411 2769 non
427 2711 478 2768 est
490 2705 576 2769 fictio
604 2706 741 2780 mentis,⁴
754 2708 814 2769 sed
829 2708 863 2768 in
878 2725 914 2769 re
929 2713 1001 2789 ipsa
1020 2711 1094 2775 tun·

75 2788 184 2849 datur.
202 2786 267 2847 Sed
288 2788 351 2849 hoc
366 2787 486 2848 melius
500 2791 638 2863 apparet
660 2792 730 2847 tum
753 2785 911 2850 inanima
940 2807 1016 2853 cum
1040 2792 1095 2855 vel
1132 2844 1138 2853 .

74 2868 145 2927 sine
161 2866 310 2942 scientia,
325 2874 395 2927 tum
408 2869 442 2927 in
457 2867 566 2928 calore
580 2868 635 2928 vel
642 2864 821 2945 frigiditate
833 2885 936 2947 aqua,
949 2888 1027 2934 nam
1038 2874 1093 2935 ali-

74 2949 131 3023 qui
145 2947 272 3007 habent
297 2944 437 3007 formam
473 2962 555 3008 cerae
582 2951 618 3008 ut
644 2946 829 3022 simplicem
852 2948 991 3012 modum
1016 2954 1091 3016 sub-

73 3028 211 3087 stantia.
233 3027 318 3105 Ergo
341 3026 452 3103 aliqua
480 3026 623 3087 existere
653 3024 755 3087 dehet
793 3026 956 3093 distinctio
989 3032 1093 3097 realis

72 3107 161 3167 inter
175 3104 393 3167 substantiam
417 3109 450 3166 et
465 3104 615 3183 quadam
630 3104 702 3184 ejus
724 3108 918 3171 accidentia.

113 3188 186 3247 355.
203 3219 243 3229 —
264 3186 444 3247 Sotiatium.
462 3188 576 3247 Utrum
591 3185 747 3247 accidens
772 3186 853 3249 lllud
870 3204 888 3248 a
909 3189 1094 3255 substantia

75 3264 269 3327 distinctum
283 3265 324 3325 sit
349 3281 391 3325 en
412 3280 448 3325 sc
464 3265 574 3343 aliqua
588 3265 734 3334 restitas,
749 3264 794 3325 ita
808 3270 845 3327 ut
864 3270 1093 3345 separabilitas

71 3345 262 3406 substantia
284 3348 319 3405 et
339 3342 520 3407 accidentis
535 3344 578 3405 sit
591 3346 727 3405 mutuat
752 3342 788 3405 id
811 3361 879 3409 non
899 3348 1092 3413 immediate

103 3473 139 3537 (l)
154 3471 239 3537 Aliqui
252 3472 371 3523 dividunt
383 3472 527 3523 accidentia
536 3471 649 3536 physica
662 3470 692 3521 iu
705 3474 819 3524 absoluta
847 3482 872 3527 et
899 3450 1025 3541 modolia3
1048 3482 1094 3533 sad

71 3535 215 3646 zcecffirligm
210 3536 332 3649 11physica
340 3534 443 3601 propria
457 3536 581 3585 absoluta
589 3537 721 3585 vocantur.
733 3534 808 3599 (Vide
823 3537 904 3589 Palm.
916 3542 978 3595 Ont.
997 3558 1052 3609 cap.
1063 3558 1092 3606 u,

105 3659 172 3737 Silv.
189 3661 301 3721 laurus,
316 3661 410 3721 Quaest.
424 3659 491 3724 phil.
508 3658 563 3711 943.
