2650 4242
309 242 506 287 nummisma
529 244 612 296 333,
634 242 690 286 suu
714 243 896 291 ourouoon.
1051 232 1110 294 249

134 355 281 435 Simplex
295 358 330 418 in
345 355 488 433 quodam
503 370 629 435 genere
646 360 696 416 est
715 358 824 436 aliquo
844 358 943 421 modo
965 358 1107 423 divisibi-

89 436 126 498 le
151 456 159 497 :
182 438 261 498 licet
275 438 365 498 enim
383 452 451 497 non
471 438 577 514 possit
594 436 715 498 resolvi
729 438 825 521 juxta
848 455 921 499 earn
946 442 1110 503 rationem

92 532 162 595 qua
177 517 296 578 dicitur
309 518 460 594 simplex,
476 520 705 578 verumtamen
719 520 780 580 sub
796 519 859 580 alio
874 524 1032 596 respectu
1045 538 1109 597 po·

94 600 162 659 test
177 613 251 658 esse
274 596 423 658 divisioni
439 598 620 659 obnoxium
636 614 643 654 :
660 613 691 657 v.
708 614 741 675 g.
759 599 941 669 substantia
957 602 1108 677 simplex,

90 681 130 738 ut
154 678 294 746 animus,
316 679 367 737 es't
389 676 557 738 divisibilis
577 677 763 738 secundum
786 679 898 755 plures
919 677 1106 753 facultates;

93 759 225 831 aurum‚'
255 755 365 834 quoad
392 757 540 833 speciem
566 758 766 832 substantiae,
800 775 868 819 non
897 764 947 820 est
974 760 1109 836 aliquod
1200 751 1203 763 ’

93 838 318 915 compositum
333 853 374 897 ex
387 838 485 897 variis
504 837 646 897 metallis
670 856 676 895 :
694 842 842 914 spectata
855 840 956 917 igitur
970 841 1039 901 sola
1053 857 1107 902 ra-

98 917 188 979 tione
215 917 413 985 substantiae,
443 933 561 978 aurum
595 922 705 993 potest
743 917 805 979 dici
847 920 999 997 simplex.
1031 922 1110 983 licet

91 998 221 1058 ratione
237 997 437 1074 quantitatis
454 998 496 1056 sit
515 995 650 1073 aliquod
671 997 900 1075 compositum.
923 1000 1008 1079 Ergo
1034 1004 1109 1063 stm-

89 1076 174 1152 3433
195 1077 235 1137 ob
257 1080 421 1137 trectense
443 1078 566 1150 differt.

90 1199 164 1260 440.
182 1232 221 1243 -
235 1200 351 1260 Tarsis.
369 1200 460 1260 Notio
475 1200 632 1275 simplicis
643 1215 732 1261 33333
747 1202 898 1275 nepetino
912 1218 975 1263 333
997 1208 1052 1262 est.

137 1314 309 1374 Probatur.
330 1314 425 1375 Notio
444 1313 601 1389 simplicis
622 1313 766 1391 aliquam
786 1332 901 1391 praese
917 1312 1107 1391 fertpositi·

92 1409 170 1455 vam
183 1394 367 1454 realitatem
383 1410 453 1471 quoe
469 1392 742 1469 compositionem
764 1394 924 1467 excludii;
942 1412 972 1456 v.
994 1412 1027 1475 g.
1053 1412 1106 1456 ac·

94 1480 149 1535 tus
178 1476 276 1535 animi
300 1473 465 1548 simplices
490 1481 566 1534 sunt
590 1473 740 1550 quedam
762 1476 930 1536 realitates
954 1477 1109 1551 positivae,

95 1568 181 1631 quas
195 1551 296 1613 refert
310 1569 429 1613 sensus
439 1556 583 1614 intimus.
596 1557 693 1630 Atqui
705 1555 874 1616 realitates
884 1556 1028 1632 positive
1040 1572 1110 1633 quae

95 1634 371 1710 compositionem
393 1632 585 1704 excludunt,
610 1647 678 1693 non
698 1640 774 1695 sunt
794 1634 1016 1710 perfectiones
1040 1636 1110 1695 sola

96 1714 287 1775 exclusione
303 1715 546 1789 compositionis
561 1718 762 1775 constantes.
778 1716 863 1793 Ergo
879 1715 967 1776 notio
984 1716 1108 1792 simpli·

96 1795 142 1855 cis
156 1810 249 1854 mere
263 1794 416 1871 negativa
431 1808 497 1855 non
513 1797 574 1864 est,
597 1793 658 1854 sed
674 1795 769 1855 simul
780 1798 908 1857 constat
922 1796 1033 1873 aliqua
1048 1811 1107 1872 po-

95 1874 214 1935 sitione
230 1879 262 1933 et
274 1873 385 1951 aliqua
400 1876 590 1951 negatione.

295 1986 300 1996 '
377 1987 436 2051 511.
452 1988 493 2040 De
506 1984 590 2040 finito
604 1988 634 2040 et
648 1984 784 2055 infinito(
802 1987 825 2055 ).

134 2093 206 2155 441.
224 2126 261 2136 -
276 2092 425 2166 linitum,
439 2090 535 2168 juxta
548 2096 614 2153 vim
631 2090 785 2165 nominis,
801 2091 892 2152 idern
907 2095 958 2151 est
972 2106 1010 2151 ac
1024 2090 1111 2152 limi-

97 2172 183 2233 tibus
209 2170 501 2248 circumscriptum,
529 2188 567 2231 ac
590 2170 730 2247 proinde
758 2169 885 2232 finitum
911 2172 1030 2233 dicitur
1053 2186 1110 2231 ens

97 2254 184 2328 quod
196 2254 314 2313 limites
326 2252 430 2311 habet.
444 2250 608 2314 infinitum
618 2249 707 2313 idem
718 2258 767 2311 est
779 2267 816 2311 ac
827 2251 964 2314 limitum
978 2267 1108 2329 expers

98 2337 132 2393 et
144 2330 264 2393 exinde
280 2330 407 2393 definiri
424 2335 533 2406 potest
550 2349 556 2389 :
573 2333 611 2391 ld
624 2333 712 2406 qood
725 2332 845 2391 limites
859 2348 920 2391 333
931 2332 1036 2391 habet.
1051 2330 1110 2409 lgi-

99 2416 151 2473 tur
171 2411 299 2472 finitum
315 2415 349 2471 et.
362 2409 525 2472 infinitum
544 2413 729 2486 important,
747 2415 899 2485 primum,
920 2409 1108 2471 affirmatio-

99 2507 190 2565 nem,
205 2496 238 2551 et
252 2490 448 2562 secundum,
464 2491 679 2569 negationem
692 2490 811 2551 limitis.

137 2572 188 2633 Ad
206 2587 318 2633 veram
332 2570 400 2631 sive
414 2569 539 2642 infiniti,
556 2571 626 2631 sive
639 2567 721 2631 finili
735 2572 904 2631 notionem
917 2569 1010 2630 nobis
1023 2585 1109 2629 com-

99 2651 292 2729 parandam,
319 2651 435 2713 sedulo
460 2667 604 2729 quaerere
630 2649 801 2718 debemus,
830 2652 973 2725 quidest
998 2649 1111 2709 limes?

103 2730 181 2793 idea
195 2732 302 2791 limitis
318 2731 382 2792 duo
397 2730 530 2792 involvit
548 2750 554 2790 :
574 2733 602 2790 1⁰
617 2728 864 2800 affirmationem
880 2730 1020 2805 aliquam
1036 2730 1068 2789 2⁰
1079 2744 1111 2788 a·

99 2812 178 2873 licui
200 2811 369 2891 negationi
383 2811 573 2881 admixtam;
590 2808 751 2888 significat
766 2810 960 2870 enim'simul
971 2810 1112 2886 aliquam

98 2893 281 2953 reaiilaiem
299 2896 332 2951 et
347 2890 512 2951 defectum
533 2891 698 2952 ulterioris
712 2888 925 2967 perfectionis
936 2888 970 2948 in
986 2905 1034 2949 ea.
1058 2889 1114 2949 Est

99 2990 181 3052 ergo
198 2988 239 3032 ex
254 2974 509 3048 periermeniae,
528 2985 602 3030 nam
625 2969 760 3030 nihilum
780 2986 841 3046 per
862 2984 898 3028 se
924 2984 990 3029 non
1013 2969 1114 3030 habet

97 3053 232 3125 limites;
249 3052 341 3111 utsii
360 3051 463 3122 limes,
486 3050 661 3126 requiritur
675 3050 806 3111 realitas
821 3049 967 3111 limitata.
993 3048 1049 3108 Est
1073 3064 1113 3109 ex

71 3146 74 3149 ⁴
97 3136 193 3209 parte
208 3134 369 3207 nepetino,
386 3144 459 3190 nam
477 3129 650 3191 confinium
662 3130 813 3206 importat
824 3130 1045 3189 exclusionem
1056 3128 1112 3189 ali-

99 3212 195 3290 cujus
209 3211 373 3273 ulterioris
387 3208 611 3285 perfectionis.

139 3293 210 3353 442.
234 3328 272 3335 -
293 3291 427 3351 Finitum
449 3294 560 3365 potest
580 3287 782 3352 considerari
806 3289 840 3347 tic
864 3289 975 3363 aliquo
999 3304 1113 3362 333333

97 3370 318 3448 perfectionis,
339 3374 396 3431 aut
414 3371 476 3431 sub
496 3371 567 3430 sola
590 3370 717 3429 ratione
742 3367 904 3429 communi
924 3367 1018 3439 finiti,
1042 3382 1113 3444 quae

130 3521 169 3579 (a)
179 3519 210 3569 D.
224 3520 316 3568 Thom.
332 3518 433 3567 Contra
446 3524 535 3581 peotes
547 3514 591 3564 lib.
608 3515 631 3564 1.
645 3530 699 3581 cap.
715 3514 755 3564 43.
769 3541 801 3553 -
821 3512 942 3569 occatio.
961 3528 991 3563 111
1012 3518 1062 3563 art.
1086 3513 1112 3563 3.

97 3581 207 3693 ὧΡῖι.
221 3595 263 3644 qu.
278 3580 307 3641 3;
322 3595 363 3643 qu.
380 3579 418 3641 13,
432 3584 484 3629 art.
499 3578 527 3639 13
540 3593 583 3642 qu.
602 3578 626 3638 Ἰ,
647 3582 698 3627 art.
721 3578 745 3625 4.
763 3603 795 3616 -
817 3579 857 3626 De
874 3578 996 3634 veritate,
1020 3591 1063 3640 qu.
1087 3576 1111 3637 8,
