2650 4242
194 189 233 250 98
506 206 685 250 suavitatum
706 205 908 250 ruinosorenc

195 340 275 400 erga
289 324 447 401 aliquem,
464 339 565 400 quam
578 325 614 386 in
629 321 730 384 corde
754 337 871 384 revera
893 321 1013 395 habeo,
1030 323 1083 383 hic
1098 338 1208 384 sermo

195 408 246 466 est
268 419 378 476 verus,
406 403 483 480 quia
508 406 560 464 est
581 401 770 480 adaequatio
797 403 885 464 inter
910 401 992 467 illud
1012 402 1147 482 signum
1175 406 1211 462 et

193 500 263 546 rem
278 483 506 562 significatam.

235 566 269 625 ln
284 566 393 642 logica
407 565 515 642 agitur
537 559 766 624 tantummodo
790 560 832 622 de
856 563 995 623 veritate
1008 562 1130 642 logica,
1146 579 1209 626 seu

195 643 237 705 de
253 644 481 705 conformitate
496 642 616 702 mentis
632 657 708 702 cum
723 641 854 720 objecto
865 639 1004 714 formali,
1017 658 1083 704 non
1093 647 1208 731 autem

195 723 237 785 de
252 725 390 784 veritate
405 723 631 801 metaphysica
646 725 703 782 aut
716 721 842 782 morali.

236 806 304 865 152.
320 837 359 846 -
375 802 509 866 veritati
522 802 634 877 logica
648 801 826 878 opponitur
832 801 962 876 falsitas
971 807 1206 880 conceptuum,

194 899 256 944 seu
266 885 462 957 difformtfos
471 881 649 945 intellectos
660 883 701 942 ab
711 881 843 957 objecto.
852 881 984 942 Falsitas
997 883 1128 959 proprie
1140 881 1206 944 dic-

194 967 228 1024 ta
237 979 305 1024 non
315 965 479 1040 reperitur
488 965 521 1024 in
532 960 642 1033 rebus,
660 977 731 1038 qua
745 963 778 1021 fo
790 978 824 1022 sc
837 975 971 1037 semper
984 960 1103 1022 suntid
1113 962 1206 1040 quod

192 1050 282 1118 sunt,
303 1048 337 1104 et
355 1044 396 1104 ab
415 1043 500 1103 ideis
521 1041 637 1103 divinis
663 1040 883 1102 effectricibus
899 1039 1059 1104 dissidere
1073 1058 1208 1120 neque-

193 1128 254 1184 unt
266 1143 273 1184 :
285 1125 405 1184 veritas
417 1123 504 1183 enim
516 1122 550 1182 in
564 1122 677 1193 rebuS,
694 1137 769 1181 cum
782 1123 824 1182 sit
838 1121 909 1197 ipsa
925 1137 1040 1182 earum
1053 1122 1206 1202 intelligi·

193 1205 314 1276 bilitas,
330 1209 439 1280 potest
452 1202 566 1280 utique
593 1216 634 1261 ex
656 1198 908 1277 imperfectione
928 1202 1116 1263 intellectus
1137 1219 1205 1264 non

194 1291 283 1345 recte
299 1282 521 1360 apprehendi3
539 1281 600 1342 sed
613 1283 687 1342 haec
701 1281 825 1342 falsitas
840 1295 907 1342 non
922 1279 1020 1343 afficit
1030 1282 1093 1342 nisi
1106 1283 1204 1344 intel-

192 1364 326 1438 lectum,
343 1380 406 1424 seu-
420 1368 471 1423 est.
484 1361 607 1423 falsitas
623 1365 855 1438 conceptuum.

236 1444 303 1504 153.
320 1476 358 1485 —
374 1443 500 1503 Veritas
513 1441 619 1520 logica
634 1457 702 1501 non
716 1441 870 1517 importat
890 1443 928 1501 ut
952 1441 1118 1528 objectum
1133 1459 1204 1504 ma·

195 1523 307 1584 teriale
333 1523 375 1583 sit
399 1523 497 1600 plene
524 1521 705 1598 cognitum.
731 1519 908 1599 ObJectum
932 1522 1017 1580 enirn
1033 1524 1205 1598 proprium

193 1602 389 1680 cognitionis
404 1607 455 1662 est
476 1601 645 1680 objectum
659 1598 796 1661 formale
811 1599 905 1678 (141),
922 1613 1043 1678 nempe
1063 1600 1098 1663 id
1113 1601 1205 1680 quod

191 1684 226 1743 in
241 1683 373 1760 objecto
388 1681 547 1742 materiali
562 1679 749 1760 cognitione
765 1681 945 1759 attingitur.
966 1681 997 1740 Si
1012 1681 1101 1742 enim
1115 1698 1206 1759 quae-

192 1763 270 1823 dam
280 1762 401 1824 suntin
415 1761 545 1839 objecto
559 1761 720 1821 materiali
735 1777 805 1838 quae
820 1761 853 1820 in
869 1761 1056 1838 cognitione
1072 1778 1141 1822 non
1155 1777 1205 1822 re·

191 1847 446 1918 praesentantur,
459 1840 495 1902 fit
505 1841 702 1918 ignorantia,
716 1837 916 1900 nonfalsitas
931 1860 938 1901 :
963 1857 993 1901 v.
1011 1858 1044 1920 g.
1070 1842 1204 1920 quando

192 1923 365 2000 speculum
392 1919 494 1982 refert
520 1921 701 1999 imaginem
730 1921 830 1981 solius
856 1923 981 1997 capitis
1007 1938 1075 1982 non
1107 1921 1206 1983 totius

190 2003 342 2073 hominis
372 2001 482 2078 imago
506 2001 578 2060 haec
605 2005 656 2060 est
675 2017 765 2073 vera,
789 2000 868 2062 licet
899 2005 1004 2063 totum
1034 2001 1205 2080 objectum

191 2083 361 2143 materiale
374 2098 441 2141 non
452 2085 681 2157 repraesentet.
698 2081 760 2149 Sic,
772 2079 851 2140 dum
864 2081 899 2140 in
910 2080 1021 2156 lapide
1038 2097 1205 2160 cognosco
1258 2140 1261 2148 ,

192 2160 420 2222 tantummodo
444 2162 589 2236 pondus,
615 2160 781 2232 duritiem,
809 2166 989 2239 conceptus
1017 2167 1068 2223 est
1095 2178 1205 2233 verus,

193 2242 319 2302 etiamsi
334 2257 405 2300 rem
421 2245 523 2317 totam
537 2257 604 2301 non
619 2243 847 2316 representem
863 2242 994 2317 pondus
1005 2244 1059 2302 vel
1069 2241 1206 2304 durities

192 2323 361 2384 constituit
386 2320 555 2398 objectum
578 2320 717 2381 formale
741 2319 840 2397 hujus
865 2323 1072 2400 cognitionis.
1105 2323 1207 2402 igitur

191 2406 311 2464 veritas
325 2401 432 2480 logica
449 2400 545 2461 adest
560 2403 837 2477 quotiescumque
863 2402 1006 2482 cognitio
1028 2401 1206 2465 conformis

193 2488 243 2543 est
258 2499 334 2543 cum
348 2480 478 2559 objecto
495 2482 612 2540 saltem
625 2480 773 2555 formati.

321 2585 353 2633 II.
369 2585 398 2632 In
411 2598 521 2646 quanam
532 2584 626 2632 mentis
639 2581 787 2648 operatione
800 2581 894 2632 veritas
906 2583 1079 2650 reperiaturl'

234 2675 301 2735 154.
318 2707 356 2716 -
370 2673 477 2734 Posita
492 2673 554 2733 bac
565 2671 786 2748 descriptione
800 2665 943 2736 v'eritatis
957 2676 1088 2756 logicae,
1102 2680 1206 2755 quaeri

190 2760 301 2832 potest
318 2757 352 2815 in
372 2769 514 2829 quanam
536 2754 657 2814 mentis
678 2753 868 2831 operatione
883 2756 950 2816 haec
965 2757 1085 2818 veritas
1104 2759 1206 2835 plene

191 2844 226 2898 et
237 2832 385 2912 perfecte
398 2833 591 2911 reperiatur.

231 2951 271 3011 Ut
286 2951 413 3008 constat
428 2965 467 3008 es
483 2947 588 3019 dictis,
615 2953 741 3008 certum
765 2953 814 3009 est
830 2949 860 3008 l⁰
875 2949 1048 3012 veritatem
1068 2946 1206 3031 reperiri

192 3034 261 3090 tum
288 3028 322 3088 in
350 3029 552 3104 simplicibus
577 3027 802 3104 conceptibus,
829 3037 899 3089 tum
921 3032 954 3091 in
974 3031 1117 3108 judiciis,
1134 3039 1205 3095 tum

191 3113 291 3170 etiam
306 3107 338 3167 in
355 3108 623 3184 perceptionibus
638 3108 801 3170 sensitivis
819 3127 825 3167 :
842 3108 904 3185 ipsi
919 3112 1007 3173 enim
1023 3118 1205 3190 conceptus

190 3189 344 3250 dicuntur
362 3189 431 3248 veri
458 3193 515 3249 aut
538 3186 623 3260 falsi,
641 3187 734 3248 'sicut
758 3187 885 3266 judicia
909 3206 947 3250 ac
970 3193 1204 3270 perceptiones

189 3268 366 3331 sensitivae.
383 3269 463 3327 Nam
479 3268 637 3345 quaelibet
650 3269 916 3345 repraesentatio,
931 3273 968 3329 ut
992 3272 1050 3346 sic,
1076 3276 1128 3334 est
1140 3288 1201 3334 ne·

189 3348 331 3411 cessario
347 3345 522 3409 conformis
537 3352 594 3408 aut
608 3347 767 3408 difformis
782 3349 914 3427 objecto
938 3365 1009 3411 suo.

230 3428 363 3491 Certum
389 3430 440 3488 est
462 3429 496 3488 2⁰
522 3430 694 3490 veritatem
715 3428 858 3506 logicam
878 3431 911 3490 in
932 3429 1066 3508 judiciis
1091 3433 1202 3510 aliquo

189 3509 323 3586 speciali
351 3507 452 3568 modo
467 3508 602 3582 reperiri
617 3523 682 3584 quo
704 3524 772 3570 non
788 3511 886 3570 estin
901 3509 1103 3586 simplicibus
1120 3529 1200 3574 con·

190 3589 342 3668 ceptibus
356 3587 467 3649 necin
480 3587 751 3665 perceptionibus
766 3588 939 3652 sensitivis.
954 3591 1036 3654 Nam
1061 3591 1099 3672 a)
1108 3592 1202 3672 judi-
