2650 4242
204 271 240 332 14
506 291 689 347 1111111101(
709 287 915 373 cariosorum

201 406 315 482 partus
330 404 450 464 mentis
457 420 465 477 ;
484 404 602 466 dicitur
615 407 725 466 idcua
747 403 848 466 verbo
870 417 981 482 graeco
1008 404 1080 475 εἴδω,
1106 401 1218 478 11100,

202 501 285 624 iffi)
290 484 439 623 ξὲ1ῃ1110
455 484 591 560 mentis;
610 483 728 591 dicitur
741 485 886 556 intuitus,
902 486 1041 562 propter
1064 482 1221 545 eamdem

244 644 291 706 17.
308 675 346 686 —
361 645 402 703 At
416 646 597 720 conceptus
611 643 665 703 vel
685 641 761 703 idea
777 640 930 703 confundi
945 658 1012 702 non
1027 640 1220 715 debetcum
1324 731 1325 734 Ἴ

201 722 418 800 perceptione
439 737 598 784 sensuum
622 739 686 783 nec
707 723 938 798 phantasmate
963 721 1218 799 imaginationis
1324 781 1325 796 ,

203 817 279 880 quae
296 803 394 861 etiam
409 818 468 861 suo
491 801 591 862 modo
608 803 740 881 objecta
758 806 1011 879 repraesentant.
1037 801 1107 861 Alia
1130 803 1220 862 enim
1324 799 1325 816 ¹

204 887 255 942 est
273 881 519 959 repraesentatio
537 896 611 959 quae
636 883 670 942 11
687 886 801 964 mente
822 883 944 954 existit,
962 881 1022 941 alia
1038 879 1219 942 similitudo
1324 883 1325 900 ³

204 977 304 1038 quam
317 961 490 1021 efformant
504 977 622 1022 sensus
636 962 757 1021 interni
771 963 824 1022 vel
839 962 981 1033 externi;
1008 961 1096 1035 prior
1110 976 1216 1038 gene-

203 1042 263 1101 rali
276 1041 389 1114 modo,
413 1057 474 1101 seu
488 1041 558 1100 sine
584 1041 793 1119 qualitatihus
817 1040 1109 1112 individuantihuS‚
1138 1039 1219 1100 dum

203 1120 367 1197 posterior
388 1121 599 1198 singulariter
627 1137 688 1180 seu
723 1137 798 1181 cum
821 1120 1077 1198 proprietatibus
1098 1119 1216 1181 indivi-

204 1199 367 1269 dualibus,
397 1217 428 1260 v.
446 1217 509 1278 gr,
534 1201 597 1260 1100
623 1201 746 1275 001010,
763 1199 955 1276 hacdgura,
980 1205 1058 1271 etc,
1085 1199 1220 1278 objecta

100 1327 102 1332 .
203 1283 430 1357 repraesentat.
448 1282 505 1340 Ex.
519 1296 585 1357 go,
603 1278 682 1340 dum
698 1280 845 1356 concipio
858 1282 1025 1342 hominem
1036 1281 1068 1340 in
1079 1294 1219 1356 genere,

203 1359 424 1420 abstractione
453 1358 539 1420 facta
567 1360 746 1437 cujuslibet
772 1359 913 1420 hominis
941 1359 1129 1436 singularis,
1158 1375 1222 1420 seu

203 1438 302 1516 hujus
325 1437 452 1516 figurae,
480 1442 667 1512 structurae,
695 1439 824 1510 coloris
852 1445 930 1512 etc,
958 1439 1129 1499 notionem
1161 1439 1220 1500 ali·
1324 1481 1325 1514 ,

205 1535 304 1597 quam
319 1519 425 1580 habeo
447 1519 599 1579 omnibus
624 1535 760 1596 prorsus
778 1516 963 1580 hominihus
978 1516 1220 1595 applicabilem‚

203 1615 242 1658 ao
256 1598 395 1674 proinde
418 1598 663 1659 universalem:
682 1614 725 1659 en
741 1604 921 1675 conceptus
944 1598 1076 1674 proprie
1100 1596 1220 1658 dictus.

202 1679 286 1738 Dum
302 1677 438 1740 efformo
461 1678 561 1737 inme
577 1677 823 1739 similitudinem
839 1678 932 1756 quasi
945 1677 1110 1753 depictam
1122 1677 1220 1738 alicu-

200 1757 257 1837 jus
271 1757 412 1819 hominis
427 1757 615 1836 singularis,
631 1757 718 1818 Petri
734 1764 766 1818 et
781 1759 882 1826 Pauli,
903 1774 964 1819 seu
984 1757 1046 1817 hos
1067 1756 1221 1817 homines

203 1841 237 1900 in
253 1853 306 1896 me
320 1841 525 1913 repraesento
543 1852 618 1896 cum
631 1837 682 1898 his
695 1837 913 1912 lineamentis
930 1853 1005 1897 cum
1020 1836 1075 1896 tali
1089 1838 1218 1914 magni-

205 1915 331 1988 tudine,
360 1917 481 1986 colore,
506 1917 610 1992 vultu,
641 1922 718 1991 etc,
749 1918 892 1995 aliquam
918 1916 953 1975 11
982 1917 1219 1994 imaginatione

200 1997 308 2058 habeo
325 1994 464 2056 formam
478 1996 553 2056 huic
568 1997 693 2058 homini
704 2000 831 2056 tantum
845 1996 1087 2074 applicabilem,
1104 1999 1138 2055 et
1152 2010 1221 2056 non

203 2076 284 2138 aliis.
310 2077 357 2136 En
379 2076 575 2152 phantasma
598 2077 731 2153 proprie
758 2075 891 2148 dictum,
918 2075 960 2139 de
986 2092 1051 2153 quo
1074 2075 1128 2137 hic
1151 2090 1221 2136 non

205 2172 223 2216 a
248 2158 322 2218 itur.

224 2172 294 2296 gill.
316 2268 353 2276 -
379 2232 578 2310 Conceptus
595 2250 661 2297 non
682 2239 794 2301 autem
816 2235 1057 2311 phantasmata,
1072 2239 1150 2294 sunt
1164 2233 1222 2294 ob·
1247 2264 1253 2268 ·

199 2314 327 2394 jectum
344 2313 503 2387 scientiae,
522 2330 597 2392 quae
613 2331 748 2392 semper
761 2318 912 2377 versatur
926 2315 1010 2373 circa
1025 2313 1223 2376 universalia

204 2411 266 2456 seu
279 2393 508 2466 immutabilia;
528 2397 664 2456 scientia
681 2395 817 2456 enimin
832 2410 868 2454 se
883 2398 1043 2470 spectata,
1060 2400 1093 2454 et
1108 2397 1222 2470 quate-

204 2490 267 2536 nus
283 2475 333 2534 est
367 2473 514 2546 scientia,
534 2473 746 2535 immutabilis
770 2479 833 2547 est;
857 2474 948 2533 unde
964 2473 1036 2552 ejus
1052 2473 1223 2552 objectum

205 2548 474 2614 obnoxium'esse
494 2553 607 2629 nequit
633 2555 818 2615 mutationi.
840 2555 918 2613 Hinc
944 2558 1138 2629 conceptue,
1164 2553 1221 2630 qui

205 2631 354 2694 referunt
369 2636 402 2692 et
416 2637 658 2708 repraesentant
680 2633 714 2696 id
730 2633 820 2710 quod
835 2634 868 2692 in
882 2633 983 2694 rebus
999 2636 1050 2692 est
1063 2634 1221 2694 immuta-

205 2713 283 2784 bile,
310 2717 387 2773 sunt
411 2712 579 2789 objectum
598 2715 757 2774 scientiae.
777 2711 901 2774 Exinde
924 2712 1069 2772 dimanat
1083 2712 1221 2772 01011111

207 2792 329 2854 scholae
348 2811 355 2852 :
375 2792 513 2852 Scienttu
526 2808 590 2851 nou
604 2798 649 2852 est
663 2795 704 2854 de
718 2795 882 2864 concretis,
897 2795 954 2852 sed
967 2795 1005 2852 de
1017 2793 1197 2852 abstractis.

245 2873 323 2934 Helc
336 2886 405 2930 101
416 2868 667 2932 considerantur
683 2876 865 2949 conceptus
879 2873 940 2932 suh
951 2873 1041 2933 omni
1049 2885 1218 2948 respectu,

205 2951 267 3014 sed
280 2951 488 3012 solummodo
511 2955 676 3027 quatenus
692 2953 893 3013 constituunt
908 2953 1111 3013 elementum
1124 2950 1221 3012 ratio-

207 3031 295 3093 cinii.
313 3030 481 3091 Generalis
497 3033 654 3091 tractatus
672 3031 713 3091 de
735 3031 874 3108 simplici
887 3031 1152 3109 apprehensione
1177 3028 1222 3090 ad

205 3110 456 3189 psychologiam
470 3112 639 3188 praecipue
655 3111 808 3186 pertinet.

248 3191 295 3252 19.
312 3223 352 3233 -
373 3191 461 3250 lnter
475 3188 563 3250 varia
578 3191 711 3251 nomina
736 3194 928 3266 conceptus,
954 3206 1059 3250 unum
1082 3203 1101 3249 a
1125 3189 1222 3250 nohis

205 3285 275 3346 prae
293 3270 422 3331 caeteris
438 3268 717 3330 considerandum
733 3274 795 3342 est,
812 3270 888 3347 quia
913 3269 956 3332 ad
978 3286 1050 3330 rem
1073 3274 1223 3330 nostram

204 3350 346 3410 maxime
361 3347 515 3426 pertinet.
531 3349 658 3410 Etenim
675 3353 856 3426 conceptus
871 3365 933 3410 seu
945 3348 1033 3423 idea,
1056 3353 1222 3426 quatenus

207 3429 376 3493 constituit
392 3430 596 3490 elementum
619 3429 776 3506 logicum,
799 3433 1013 3504 nuncupatur
1034 3429 1222 3489 terminus:

207 3511 240 3571 1⁰
255 3509 331 3587 quia
342 3512 392 3570 est
402 3509 497 3570 limes
506 3508 641 3570 ultimus
653 3524 754 3587 quem
769 3507 987 3586 praetergredi
1000 3509 1118 3585 nequit
1131 3524 1221 3570 reso=

205 3588 287 3650 lutio
305 3605 366 3649 seu
381 3588 524 3666 analysis
540 3586 723 3662 discursum
743 3591 776 3650 2⁰
794 3591 871 3668 quia
892 3589 1023 3649 termini
1039 3591 1222 3649 extremam

207 3671 337 3747 partem
354 3665 472 3748 judicii
495 3671 552 3727 aut
570 3667 805 3745 propositionis
824 3667 1070 3748 quodammodo
1092 3671 1209 3732 tenent
