2650 4242
450 266 568 311 nomon
588 267 662 314 raas
683 272 715 314 11.
1035 248 1095 312 tna

70 385 222 457 moratis,
246 399 306 460 per
340 398 376 442 se
405 380 562 446 devenire
585 388 771 464 noqueunt,
794 383 862 445 sive
890 399 930 442 ex
960 380 1094 445 defectu

72 463 275 535 mediorum,
295 463 461 539 temporis
477 469 555 535 ete„
571 467 639 526 sive
656 467 698 527 ob
713 463 1090 542 ingeniitimitationem.

71 546 161 623 Ergo
177 545 312 605 unicum
325 546 373 605 eis
384 550 540 619 superest
553 545 701 605 medium
716 562 773 606 eas
788 544 850 606 sibi
867 543 1092 620 comparandi,

73 624 109 684 td
134 631 197 697 est,
220 623 305 684 fides
318 626 353 685 in
377 624 802 701 testimoniumperitorum.

115 705 156 764 ut
183 703 264 764 illud
288 708 522 782 argumentum
536 721 595 780 pro
625 706 773 766 optantes
793 703 976 763 hominibus
992 701 1093 773 valet,

75 785 135 861 qui
148 799 284 860 semper
304 784 338 844 in
351 783 516 860 aliquibus
538 788 617 844 sunt
645 785 746 844 rudes
775 789 808 844 et
822 783 962 852 indocti:
994 797 1093 842 nemo

75 865 168 923 enirn
181 867 291 940 potest
304 879 419 924 omnes
434 863 588 924 scientias
601 865 663 925 sibi
680 877 884 940 comparare,
902 878 939 922 ac
954 861 1095 938 proinde

75 951 191 1020 quoad
206 941 368 1022 quasdam
388 945 542 1004 veritates
564 946 669 1020 quivis
690 944 791 1004 fidem
813 941 1093 1020 peritisadtribere

76 1024 210 1084 dehet:
233 1039 264 1084 v.
287 1039 321 1100 g.
351 1022 588 1095 iurisconsulti,
617 1023 765 1096 medico;
791 1023 976 1100 theologus,
993 1027 1094 1082 astro-

75 1119 191 1175 nom0,
215 1107 279 1162 etc.
295 1104 374 1163 ilinc
388 1102 472 1164 tides
488 1103 676 1182 dogmatica
696 1105 730 1164 in
751 1103 899 1180 pluribus
915 1107 966 1162 est
986 1104 1089 1162 omni·

75 1183 355 1244 busnecessaria.
652 1210 653 1213 ¹

74 1301 323 1362 anu-masis
359 1301 395 1360 11.
423 1303 657 1392 ‘Testimonium
686 1302 875 1362 historicum
903 1304 947 1360 est
970 1300 1099 1360 domini

114 1397 253 1457 prorsus
267 1394 496 1441 accessorium.

117 1493 297 1556 Probatur.
314 1495 450 1556 Nonnisi
463 1496 561 1575 hujus
571 1474 748 1558 testimonii
758 1493 957 1556 adminicuto
971 1510 1092 1572 cogno-

75 1592 173 1636 scere
206 1590 382 1652 possumus
410 1578 438 1635 1⁰
463 1573 551 1636 facta
578 1577 817 1652 praeteritorum
847 1581 1042 1651 temporum,
1066 1576 1098 1634 2⁰

77 1659 151 1730 ipsa
171 1653 260 1715 facta
288 1672 393 1716 coaeva
408 1671 479 1732 qua
500 1659 534 1716 in
555 1659 691 1718 remotis
713 1655 904 1731 regionibus
927 1654 1094 1732 eveniunt,

79 1737 110 1796 3⁶
137 1736 260 1796 multas
286 1736 442 1796 veritates
470 1736 759 1809 experimentaleS,
786 1751 827 1794 ex
843 1735 890 1795 eis
913 1738 1010 1796 etiam
1026 1749 1096 1811 quae

78 1815 165 1874 scitu
189 1820 267 1875 sunt
295 1817 489 1876 necessaria
503 1816 546 1875 ad
561 1818 661 1876 vitam
687 1815 895 1884 servandam,
918 1830 949 1874 v.
973 1829 1006 1892 g.
1025 1813 1095 1874 ido·
1165 1826 1168 1836 ·

79 1896 189 1954 neitas
214 1896 362 1956 ciborum
384 1900 417 1956 et
431 1900 582 1970 potuum,
606 1901 674 1962 etc,
697 1893 839 1956 Infantes
860 1895 941 1955 nihil
961 1895 1024 1956 nisi
1037 1909 1098 1970 per

80 1975 305 2035 testimonium
321 1991 523 2053 cognoscere
538 1979 676 2052 queunt.

119 2056 225 2132 igitur
248 2057 474 2130 necessarium
506 2059 559 2116 est
586 2061 623 2114 ut
646 2053 843 2114 [estimonio
857 2054 1000 2115 humano
1025 2053 1094 2114 sive

80 2133 270 2212 dogmatico
306 2138 375 2196 sive
405 2135 559 2196 historico
581 2133 682 2194 fidem
703 2137 736 2196 in
760 2134 905 2209 pluribus
937 2132 1094 2195 adhibea-

78 2228 166 2287 mus,
185 2214 359 2276 etidcirco
378 2213 460 2275 illud
482 2215 705 2274 testimonium
720 2219 772 2275 est
793 2214 940 2274 medium
963 2212 1097 2289 aliquod

79 2294 305 2374 cognoscendi
321 2311 454 2370 prorsus
475 2295 712 2355 necessarium.
751 2300 753 2303 ’

207 2445 210 2448 «
231 2409 263 2462 11.
285 2410 326 2462 De
345 2407 508 2462 veracitate
526 2407 691 2463 testimonii
711 2405 874 2461 immediati
895 2407 905 2476 (
923 2408 945 2477 ).

120 2515 192 2575 204.
208 2515 304 2575 —Ut
325 2513 547 2576 testimonium
562 2515 803 2588 nosimpeitere
815 2513 922 2573 valeat
933 2511 975 2573 ad
986 2528 1100 2580 assen-¹

80 2611 168 2666 sum,
201 2596 379 2672 requiritur
402 2598 439 2654 ut
463 2594 557 2654 nobis
593 2599 723 2655 constet
751 2598 854 2654 testes
878 2595 907 2654 l⁰
928 2593 1099 2654 scientiam

80 2679 209 2734 certam
228 2675 352 2735 habere
379 2679 412 2734 et
425 2674 457 2732 2⁰
479 2689 552 2734 esse
568 2689 715 2734 veraces.

125 2755 195 2814 istae
210 2754 416 2816 conditiones
430 2755 642 2830 requiruntur
656 2760 693 2813 ut
712 2751 803 2813 testis
814 2751 988 2812 auctoritas
998 2750 1099 2812 fidem

81 2835 257 2910 imponere
272 2837 390 2896 valeat.
413 2834 596 2894 Auctoritas
607 2833 696 2894 enim
718 2838 766 2893 est
783 2835 841 2908 jus
854 2831 981 2907 aliquid
994 2833 1097 2907 impo-

82 2916 192 2974 nendi.
212 2915 308 2975 Porro
331 2915 388 2993 jus
408 2912 509 2975 fidem
527 2911 720 2989 imponendi
737 2929 809 2973 esse
830 2913 945 2988 nequit
966 2912 1100 2990 intesta

83 2994 142 3070 qui
163 2994 295 3054 scientio
306 2999 394 3053 certa
408 2999 437 3052 et
450 2995 622 3053 veracitate
635 3009 702 3053 non
713 2996 895 3061 ornaretur,
912 3008 971 3052 seu
986 3007 1101 3053 verum

83 3088 154 3133 non
171 3078 260 3133 certe
274 3073 423 3133 referret.
438 3073 508 3147 Quo
523 3073 628 3152 magis
643 3076 700 3133 aut
720 3072 828 3132 minus
849 3075 949 3131 testes
965 3071 1102 3132 recede-

82 3157 161 3213 rent
184 3153 226 3212 ab
252 3154 302 3212 his
330 3152 583 3223 conditionibus,
613 3168 652 3211 eo
677 3155 775 3212 etiam
796 3153 901 3229 magis
917 3156 974 3212 aut
993 3154 1102 3214 minus

78 3233 139 3310 jus
160 3230 260 3292 fidem
275 3233 468 3308 imponendi
492 3234 691 3294 amitterent.

83 3311 233 3470 (gipes,
259 3319 296 3374 ut
317 3320 414 3374 antea
429 3313 581 3384 diximus,
604 3316 655 3372 est
677 3311 730 3372 vel
755 3310 935 3374 divinaret
958 3310 1102 3372 humana

128 3474 158 3531 1⁰
179 3472 374 3544 Auctoritas,
395 3488 465 3548 qua
489 3469 591 3532 fidem
612 3470 756 3531 divinam
772 3471 922 3548 imponit,
947 3473 997 3530 est
1010 3469 1100 3528 Deus

82 3552 171 3628 ipse,
185 3553 241 3630 qui
255 3570 322 3613 non
336 3556 447 3628 potest
462 3551 568 3628 decipi
584 3554 641 3611 aut
655 3551 822 3627 decipere,
835 3548 924 3612 unda
939 3549 1029 3610 testis
1044 3548 1099 3608 ille

114 3675 151 3735 tu)
167 3672 232 3725 Vide
245 3675 276 3725 D.
290 3676 311 3724 T
313 3675 381 3725 hom.
393 3673 421 3724 in
430 3673 473 3726 tib.
488 3675 528 3724 De
540 3673 641 3725 divinis
648 3673 873 3738 nomiomacoap.
888 3687 906 3722 r.
920 3671 979 3722 lect.
989 3671 1010 3720 1.
