2650 4242
310 231 507 276 aarapassrm
528 232 610 284 cau,
633 229 688 277 344
711 232 890 277 44444444.
1047 195 1102 277 23]

86 343 194 405 vaiet.
208 344 258 406 Sic
271 347 416 425 exsurgit
430 346 464 406 in
479 348 587 405 mente
602 342 795 421 principium
812 344 1008 407 causalitatis
1023 344 1104 425 (399)

85 422 186 498 quod
200 424 338 501 proinde
352 426 495 488 valorem
510 423 708 503 objectivum
721 424 832 485 habet.
952 438 955 444 ’
1105 488 1106 491 ,

130 503 205 563 404.
223 538 261 549 -
275 506 311 565 11.
327 509 441 567 Error.
461 504 723 565 occasionantur·
735 510 889 583 systema,
907 502 996 582 quod
1019 505 1103 567 cele-

85 582 244 645 britatem
260 600 351 645 suam
365 584 495 645 Nicolao
511 584 739 644 Malebranche
764 586 964 662 potissimum
991 582 1101 657 debet,

85 658 231 723 affirmat
245 668 410 726 creaturas
425 664 513 724 nulia
527 664 642 724 instrui
652 663 826 732 nativitate,
839 662 899 725 sed
911 680 1016 725 meras
1028 680 1102 725 esse

84 745 286 803 occasiones
301 760 436 821 quarum
452 744 571 803 intuitu
585 745 673 803 Dens
691 744 827 805 eftectus
842 759 967 817 omnes,
984 744 1040 822 qui
1059 744 1101 805 ab

85 821 163 882 istis
178 824 333 885 creaturis
347 822 485 900 produci
498 822 662 894 videntur,
676 825 764 885 solus
776 827 940 901 operatur.

132 901 194 961 Alii
207 903 467 975 occasionalistae,
486 902 541 980 qui
558 904 731 977 rapaciores
756 907 925 975 vocantur,
951 902 1101 964 omnibus

87 982 262 1051 creaturis,
278 998 321 1042 ne
334 983 500 1059 spiritibus
511 981 642 1061 quidem
656 985 813 1060 exceptis,
826 985 1016 1045 activitatem
1028 999 1099 1060 pro-

86 1060 194 1135 priam
209 1061 413 1123 ademerunt.
425 1064 496 1137 Alii,
510 1062 566 1140 qui
574 1064 718 1122 mitiores
727 1068 968 1141 nuncupantur,
984 1078 1098 1140 corpo-

85 1141 181 1210 ribus
196 1144 318 1204 tantum
334 1144 525 1204 activitatem
542 1141 760 1220 denegarunt.
812 1188 825 1214 ,

128 1223 226 1282 Juxta
238 1222 318 1283 11144
335 1227 493 1301 systema,
523 1238 628 1282 causa
652 1221 803 1282 secundae
840 1222 902 1283 dici
929 1226 1100 1299 nequeunt

85 1315 195 1361 causae
211 1299 403 1373 efficientes,
421 1301 480 1362 sed
501 1318 598 1362 merae
612 1302 803 1362 occasiones
832 1303 874 1363 ob
900 1318 981 1379 quas
1013 1303 1098 1362 Deus

86 1386 258 1456 operatur.

128 1460 249 1523 Contra
269 1460 544 1533 444431444113143,
566 1466 746 1538 sequentes
770 1461 950 1523 stabilimus
975 1460 1133 1521 theses.·'

84 1578 158 1639 405.
176 1612 214 1621 -
228 1581 334 1640 Tussis
350 1580 372 1639 1.
394 1580 534 1654 Spiritus
554 1580 656 1639 creata·
674 1595 752 1641 aero
771 1580 989 1655 perfruuntur
1016 1580 1097 1641 acta*-

126 1662 235 1732 ottute,
258 1663 287 1719 et
307 1675 369 1721 uon
389 1662 462 1719 suat
481 1676 587 1719 causae
610 1660 838 1719 acaustouates,

129 1773 287 1835 Probatur
301 1772 803 1834 1011414311414414444341441144.
817 1772 1022 1835 Conscientia
1034 1778 1095 1833 tes-

86 1856 176 1912 tatur
196 1853 404 1929 operationes
419 1849 579 1929 quasdam
592 1850 662 1911 fieri
684 1868 750 1911 non
775 1856 902 1914 tantum
926 1854 960 1913 14
989 1854 1093 1925 nobis,
1162 1920 1167 1931 ,

87 1930 150 1993 344
165 1933 265 1993 etiam
280 1933 419 1994 anobis.
434 1933 470 1991 V.
493 1947 525 2009 g.
544 1930 625 1991 Cum
638 1933 790 1993 volumus
806 1932 939 2009 aliquid,
956 1932 998 1993 ad
1013 1933 1094 1994 11144

84 2010 183 2071 nobis
200 2011 456 2087 comparandum
480 2011 666 2087 pergimus;
693 2012 863 2071 brachium
888 2011 1095 2074 extendimus

83 2088 129 2151 ad
143 2090 264 2151 librum
278 2092 494 2169 aperiendum
503 2090 599 2169 Juxta
616 2090 922 2153 determinationem
944 2094 1093 2154 volunta·

85 2169 138 2231 tis:
151 2172 218 2231 istae
233 2174 443 2246 operationes
456 2169 538 2231 fiunt
551 2171 725 2231 nonmodo
745 2172 779 2231 14
794 2172 901 2241 nobis,
917 2171 977 2233 sed
994 2172 1094 2233 etiam

83 2265 102 2307 a
119 2250 226 2310 nobis.
242 2252 341 2329 Atqui
356 2252 561 2327 operationes
577 2266 598 2309 a
610 2251 703 2311 uobis
716 2249 787 2312 fieri
815 2256 986 2329 nequeunt
1015 2254 1094 2328 quin

82 2328 187 2390 simus
198 2346 310 2391 earum
327 2346 423 2391 causa
441 2350 448 2390 ε
466 2330 492 2390 31
514 2330 636 2407 aliquid
657 2327 725 2389 fita
745 2347 810 2401 me,
826 2329 975 2407 proiecto
997 2330 1030 2391 id
1048 2330 1092 2391 ef·

82 2406 170 2468 ficio,
201 2409 285 2487 Ergo
314 2410 445 2487 spiritus
469 2409 583 2470 haberi
610 2416 781 2485 nequeunt
804 2414 959 2487 tanquam
989 2426 1092 2471 causae

83 2502 177 2548 mere
192 2490 425 2556 occasionales,
441 2489 502 2551 sed
523 2493 601 2549 sunt
615 2505 718 2551 causae
733 2506 810 2550 vere
827 2488 1017 2551 efficientes.

125 2568 287 2628 Probatur
315 2570 346 2629 2⁰
373 2586 434 2647 per
461 2572 693 2646 argumentum
708 2570 936 2648 apagogicum.
955 2570 987 2630 Si
1001 2571 1091 2630 Deus

84 2647 176 2707 salus
197 2647 230 2708 in
244 2648 338 2708 nobis
360 2653 525 2724 operatur,
543 2652 620 2709 1444
642 2651 671 2709 10
687 2650 808 2709 tollitur
822 2652 926 2709 omnis
941 2649 1089 2721 libertas,

84 2741 124 2786 ac
136 2726 276 2803 proinde
291 2728 416 2789 nullum
428 2728 928 2797 43144414144414414441444
941 2730 1091 2791 2⁰omnia

82 2804 206 2884 flagitia
221 2812 256 2869 et
275 2808 400 2869 scelera
420 2810 454 2870 14
469 2810 574 2869 Deum
591 2807 711 2884 ipsum,
742 2812 898 2885 tanquam
926 2810 960 2869 14
988 2810 1091 2870 solam

85 2901 228 2956 causam,
249 2886 381 2950 refundi
402 2885 535 2949 debent.
551 2887 635 2966 Ergo
659 2902 701 2948 ex
714 2887 865 2949 absurdis
880 2888 1091 2950 consectariis

83 2969 175 3041 patet
188 2964 311 3028 falsitas
325 2970 523 3047 systematis

82 3087 152 3149 tot.
170 3122 208 3129 -
222 3090 329 3149 Taasrs
344 3090 379 3149 11.
395 3092 542 3167 Corpora
556 3092 654 3151 ettam
676 3088 790 3165 atiquo
800 3092 941 3167 propriu
968 3093 1092 3165 fruun-

123 3172 179 3227 tur
192 3170 363 3229 4411411414.
1122 3174 1124 3182 '

122 3282 286 3342 Probatur
298 3287 336 3345 1⁰.
348 3283 394 3343 Ex
405 3282 610 3359 experientia
621 3286 757 3343 externa
768 3282 945 3345 universali
956 3288 990 3345 41
1001 3298 1092 3345 cons-

86 3362 168 3422 tanti
192 3362 296 3439 liquet
322 3378 460 3439 corpora
478 3361 603 3441 jugiter
628 3362 776 3425 adhiberi
798 3362 840 3424 ad
858 3362 1093 3426 determinatos

86 3440 235 3502 edendos
258 3442 412 3516 effectus3
433 3460 465 3503 v.
481 3458 514 3521 g.
531 3444 644 3522 ignem
660 3441 702 3502 ad
731 3442 1004 3513 comburendum,
1032 3460 1090 3522 pa-

86 3536 163 3582 nem
177 3523 219 3583 ad
233 3522 333 3583 vitam
349 3523 553 3599 corporalem
582 3522 745 3594 alendam,
768 3522 979 3585 medicinam*
994 3522 1092 3602 hujus

87 3601 219 3681 generis
233 3601 275 3663 ad
290 3602 390 3671 talem
404 3603 555 3665 morbum
570 3600 764 3675 curandum,
782 3606 844 3663 etc.
860 3602 958 3680 Atqui
972 3598 1092 3663 frustra
