2650 4242
482 288 598 334 111111
620 287 736 334 111111.
1080 264 1119 326 25

99 403 165 465 sub
195 406 248 466 tali
276 405 379 468 forma
403 422 463 483 per
491 406 668 466 terminum
700 403 915 484 significatum
947 400 1117 463 materiale

98 500 183 547 vero
210 489 261 546 est
294 486 383 548 idem
407 486 594 565 subjectum
616 486 716 546 talem
739 485 866 546 habens
884 482 1033 556 formam,
1049 497 1118 542 non

99 567 217 626 tamen
232 569 418 644 spectatum
432 567 620 644 specialiter
634 567 696 628 sub
711 566 774 627 hac
787 562 904 626 forma.

519 725 644 786 CAPUT
667 727 692 786 ll

519 877 556 918 DE
575 874 701 920 molbio.

141 1001 193 1062 32.
211 1035 248 1043 —
264 1003 426 1061 Hactenus
441 1000 623 1077 simplicem
638 998 937 1078 apprehensionem
961 998 1112 1061 conside-

96 1084 258 1152 ravimus,
279 1097 344 1159 qua
360 1081 575 1141 efformantur
594 1082 677 1142 meri
690 1079 881 1157 conceptus
905 1097 1027 1157 nempe
1050 1097 1116 1158 qua

96 1173 197 1222 mens
208 1161 397 1237 simpliciter
412 1159 638 1239 apprehendit,
648 1165 727 1238 quin
737 1158 939 1222 affirmetvel
951 1161 1069 1239 neget(
1090 1159 1112 1237 ).

95 1241 194 1303 Nunc
218 1241 260 1302 ad
282 1241 462 1301 secundam
490 1243 610 1301 mentis
634 1242 862 1319 operationem
887 1240 1113 1319 aggredimur,

95 1336 161 1381 seu
176 1320 220 1382 ad
228 1320 401 1400 judicium,
420 1337 484 1398 quo
498 1320 591 1382 ideas
605 1321 692 1396 inter
705 1337 741 1381 se
758 1337 997 1397 comparamus
1014 1327 1114 1400 atque

95 1398 315 1463 affirmatione
331 1408 387 1461 aut
401 1402 579 1479 negatione
603 1401 846 1479 conjungimus.

137 1480 303 1544 iudicium
317 1483 351 1542 in
365 1481 477 1558 primis
494 1479 775 1542 considerabimus
789 1482 987 1559 generatim,
1004 1480 1115 1557 quoad

94 1575 194 1620 suam
207 1565 358 1622 naturam
371 1562 468 1621 simul
484 1566 515 1620 et
528 1565 697 1622 externam
709 1560 1115 1623 manifestationempost-

95 1657 137 1701 ea
164 1642 238 1721 eJ'us
260 1642 422 1702 elementa
447 1641 596 1702 rimando
624 1657 812 1720 quaeremus
840 1661 846 1700 :
874 1644 903 1701 1ο
930 1642 1016 1714 Quot
1037 1647 1115 1704 sunt

94 1737 255 1797 suprema
275 1737 400 1800 genera
421 1738 481 1781 seu
503 1723 624 1783 classes
649 1738 764 1782 eorum
790 1736 864 1800 quae
881 1721 1111 1798 praedicantum

94 1802 128 1862 2⁰
148 1807 231 1878 quot
244 1801 352 1862 modis
370 1816 475 1861 unum
498 1800 539 1862 de
565 1802 675 1878 aliquo
699 1803 803 1878 possit
824 1801 1008 1878 praedicari,
1035 1807 1107 1863 tan-

95 1897 198 1958 quam
222 1882 373 1958 superius
389 1881 430 1942 de
445 1879 610 1943 inferiori?
629 1884 681 1943 llis
703 1885 897 1959 perspectis
924 1887 1043 1962 sponte
1068 1882 1112 1944 ad

88 1959 213 2039 judicii
229 1962 420 2022 divisionem
436 1961 662 2031 deveniemus
687 1978 725 2023 ac
741 1962 885 2038 denique
902 1961 944 2021 ad
959 1963 1109 2039 proposi-

93 2041 224 2102 tionum
239 2042 454 2119 proprietates
478 2041 759 2104 determinandas
777 2043 880 2119 lgitur
895 2043 1033 2120 quaestio
1050 2043 1112 2104 1111

91 2120 125 2179 11
141 2123 249 2198 primo
266 2122 399 2182 articulo
418 2121 458 2182 de
481 2126 596 2182 natura
605 2123 723 2202 judicii
748 2126 782 2183 et
804 2123 1053 2198 propositionis
1077 2123 1112 2182 in

92 2201 257 2273 secundo,
287 2201 329 2261 de
350 2201 635 2278 praedicamentis:
660 2205 694 2263 in
719 2203 826 2271 tertio,
851 2203 893 2264 de
918 2203 1110 2265 universali-

90 2280 157 2343 bus
183 2301 189 2342 :
214 2283 247 2342 in
273 2286 400 2358 quarto,
427 2280 468 2342 de
493 2283 589 2342 variis
615 2283 828 2345 divisionibus
844 2299 904 2343 seu
920 2285 1110 2362 aspectibus

91 2376 179 2437 quos
193 2359 331 2422 induere
347 2369 485 2438 possunt
495 2362 657 2440 judicium
674 2368 707 2423 11
720 2363 912 2440 propositio,
931 2369 964 2424 et
975 2362 1110 2424 tandem

89 2438 255 2581 1111111111
270 2445 456 2518 praecipuas
469 2443 734 2519 propositionum
748 2443 967 2520 proprietates
990 2461 1107 2505 recen-

90 2534 128 2580 se
155 2536 251 2582 nnus,

468 2646 687 2709 1111111111
709 2606 731 2709 1.

284 2799 331 2856 Dc
351 2801 473 2858 11111111
487 2799 610 2872 judicii
631 2806 660 2861 et
675 2802 916 2876 propositionis.

486 2937 534 2992 §L
552 2937 589 2986 De
600 2935 706 3001 judicio.

130 3061 180 3122 33.
197 3095 236 3102 —
251 3059 332 3121 Cum
346 3079 441 3124 mens
458 3063 539 3124 duas
553 3063 646 3126 ideas
661 3066 763 3127 habet
778 3083 902 3145 easque
924 3077 1103 3148 comparat,

88 3145 199 3215 potest
224 3155 338 3201 earum
364 3144 628 3204 convenientiam
653 3151 709 3206 aut
729 3147 986 3226 discrepantiam
1001 3153 1105 3227 perci-

87 3235 181 3295 pere,
202 3227 235 3280 et
256 3227 365 3298 potest
380 3239 514 3301 quoque
530 3229 684 3285 neutrum
699 3227 883 3304 percipere.
902 3231 934 3290 Si
949 3236 1105 3294 neutrum

86 3298 316 3377 perspicimus,
343 3301 450 3364 nullus
474 3320 579 3366 novus
600 3311 750 3366 amente
775 3309 908 3383 ponitur
933 3316 1038 3385 actus
1065 3330 1103 3376 ac

119 3428 152 3492 (1)
175 3429 292 3498 1111111111
319 3429 451 3497 impugnat
472 3435 624 3504 sententiam
648 3436 788 3500 Vasquesii,
813 3439 855 3503 qui
883 3439 970 3489 docuit
994 3440 1104 3505 primam

87 3495 260 3560 operabonem
274 3507 325 3541 non
339 3495 533 3558 apprehensmni
551 3497 599 3546 nis1
619 3495 666 3546 sim
685 3497 745 3548 lices
761 3501 895 3561 terminos
915 3501 1019 3553 minime
1043 3518 1104 3553 vero

87 3556 203 3624 integras
215 3553 413 3618 propositiones
429 3557 497 3627 unde
509 3558 618 3609 essentia
628 3559 656 3623 ju
676 3560 718 3610 icii
732 3562 771 3611 vel
789 3563 974 3613 enunciationis
990 3565 1104 3616 differret

85 3629 102 3663 a
112 3615 224 3684 simplice
238 3617 436 3688 apprehendere,
452 3635 510 3682 quia
520 3621 631 3670 affirmat
646 3622 687 3670 vel
699 3628 776 3688 negat
789 3627 979 3677 conoeoeiooem
987 3629 1102 3678 idearum

87 3676 126 3725 vel
138 3680 309 3728 terminorum
323 3678 400 3744 (disp.
417 3682 462 3743 lll,
475 3697 500 3747 q.
517 3681 541 3744 1,
552 3699 573 3733 s.
590 3683 613 3746 1,
625 3690 639 3740 ἓ
654 3684 690 3747 1).
