2650 4242
465 271 581 314 coerce
602 267 675 312 rins
697 274 728 313 n.
1069 254 1108 314 99

81 386 138 445 cia
164 401 225 445 seu
254 388 497 464 propositiones
527 382 679 446 dicuntur
705 389 868 457 ueritates,
897 403 965 454 non
996 395 1107 450 autern

80 467 257 541 simplices
292 467 591 544 apprelrcnslones;
629 465 661 543 b)
686 465 815 545 judicia
837 471 987 543 possunt·
1005 485 1048 530 ec
1074 486 1108 530 se

84 560 168 606 esse
197 562 276 606 vera
300 550 357 607 aut
383 543 476 614 falsa,
494 545 585 622 'quia
619 545 797 623 aliquando
823 552 900 607 sunt
928 546 1108 610 conformia

83 625 239 703 objecto,
265 626 442 705 aliquando
478 625 657 698 difformia;
685 625 743 687 sed
779 627 945 704 simplices
986 643 1107 705 appra-

82 704 270 766 hensionas
320 721 388 767 non
429 702 590 765 affirmant
627 709 684 764 aut
720 712 846 785 negant
876 705 1000 784 aliquid
1033 713 1107 770 esse

84 800 209 846 verum
236 790 293 847 aut
320 785 451 846 falsum.
468 786 596 845 -Hinc
622 786 842 862 quaerendum
879 791 930 847 est
963 803 1108 865 quonam

84 865 337 1025 {ageciogclffnodo
353 867 474 926 veritas
488 867 575 926 sitin
592 859 728 927 diversis
743 867 792 928 his
807 867 926 931 mentis
946 867 1108 944 operatio-

149 961 190 1006 us
249 991 256 1006 .

90 1111 163 1170 155.
181 1145 221 1154 -
235 1113 343 1171 Tarsis
358 1111 381 1171 l.
419 1113 540 1172 Veritas
563 1111 672 1185 topica
686 1116 731 1171 est
746 1111 842 1186 picae
866 1116 894 1170 ct
908 1115 1053 1186 perfecte
1073 1117 1107 1175 tn

129 1193 201 1252 solo
218 1192 357 1266 judicio,
383 1207 447 1262 seu,
456 1192 556 1265 juxto
579 1192 711 1250 modum
725 1190 878 1266 loquendi
892 1192 1107 1254 Scbotcstc'co-

128 1270 435 1429 ffgga'ffezlmmoem
449 1273 652 1346 componente
661 1275 690 1329 et
701 1272 858 1332 dividente
869 1270 1061 1348 (affirmante
1074 1277 1108 1334 et

131 1521 230 1581 Prob.
250 1522 279 1580 10
292 1517 419 1578 Veritas
432 1516 540 1594 logica
557 1522 607 1578 est
621 1517 720 1592 plene
737 1522 769 1578 et
782 1515 930 1592 perfecie
941 1520 974 1578 in
988 1529 1106 1599 opera-

90 1601 183 1660 tione
207 1615 282 1677 quae
306 1598 458 1659 consistit
467 1599 500 1657 in
516 1597 748 1675 cognoscenda
765 1606 796 1658 et
816 1597 1008 1660 affirmanda
1031 1619 1106 1662 con·

87 1682 264 1756 formitate
285 1679 475 1739 intellectus
500 1682 533 1737 et
553 1678 612 1738 rei.
636 1679 734 1755 Atqui
754 1677 917 1756 judicium
931 1681 1038 1740 solum
1054 1699 1108 1742 ex-

89 1755 584 1837 primiincnc‘ccnformitatem
607 1758 727 1817 mentis
751 1774 834 1818 cum·
851 1759 994 1838 objecto.
1023 1761 1109 1840 Ergo

89 1839 265 1919 injudicio
283 1838 441 1898 duntaxat
455 1837 620 1898 invenitur
637 1841 757 1898 veritas
771 1837 890 1916 logica,
908 1855 969 1898 seu
993 1839 1110 1904 forma-

90 1922 172 1982 liter
187 1923 327 1996 sumpla.
358 1983 361 1989 ,

137 2001 254 2071 Quoad
273 2000 445 2074 majorem,
466 1994 796 2058 animadvertendum
811 2001 862 2057 est
874 1999 1046 2060 veritatem
1060 2001 1110 2062 lo-

90 2082 206 2159 gicam
221 2096 282 2139 seu
296 2076 475 2138 formaliter
502 2072 668 2153 sumptam
690 2081 776 2137 stare
792 2077 826 2137 in
845 2077 917 2154 ipsa
933 2080 1114 2154 cunfo-rmi-

90 2166 161 2220 tate
175 2161 262 2220 inter
276 2162 425 2219 mentem
448 2162 481 2217 et
496 2158 679 2234 objectum;
697 2155 788 2216 unde
812 2157 884 2218 haec
909 2161 1055 2235 operatio
1080 2161 1113 2220 in

91 2257 163 2319 qua
179 2243 250 2316 ipsa
265 2239 397 2310 veritas
414 2253 476 2297 seu
494 2237 561 2297 haec
582 2234 803 2307 conformitas
828 2242 880 2298 est
905 2239 1115 2315 apprehensa

92 2321 327 2396 et‘cffirmota
346 2325 396 2378 est
409 2318 518 2377 stricta
534 2315 678 2378 veritatis
695 2318 874 2393 expressio.

136 2401 302 2460 Probatur
316 2401 423 2458 minut
437 2393 620 2457 :iudicium
635 2396 714 2455 nihil
740 2394 828 2457 aliud
852 2399 902 2456 est
924 2413 1022 2473 quarn
1045 2395 1114 2457 haec

90 2479 330 2541 intellectualis
344 2476 492 2554 operatio
501 2493 565 2554 qua
572 2473 770 2537 affirmamus
783 2477 1047 2539 convenientiam
1061 2477 1115 2538 vel
1148 2503 1160 2516 -

94 2560 353 2637 discrepantiam
373 2555 538 2634 praedicati
564 2562 597 2616 et
622 2555 764 2635 subjecti
788 2572 850 2616 seu
874 2557 1059 2617 intellectus
1083 2563 1115 2618 et

92 2643 146 2701 rei
165 2661 173 2700 ;
204 2640 326 2700 etenim
351 2640 378 2699 si
397 2637 522 2715 analysi
542 2635 754 2714 subjiciamus
764 2635 938 2713 judiciuin,
956 2636 1115 2698 constabit

93 2719 229 2782 illudin
245 2736 285 2780 eo
301 2718 532 2780 consisterent
552 2715 642 2777 notio
668 2714 816 2794 quaedam
839 2732 899 2792 per
922 2717 1115 2776 attributum

96 2799 294 2879 significata,
331 2799 494 2858 tribuatur
521 2796 670 2874 subjecto
693 2795 769 2875 (42);
796 2796 982 2874 subjectum
1015 2813 1114 2872 porro

96 2879 283 2960 injudicio,
301 2895 362 2938 seu
388 2880 422 2938 in
449 2876 687 2954 propositione,
717 2876 826 2936 locum
841 2881 933 2936 tenet
947 2874 1007 2936 νεῖ
1013 2881 1115 2952 prout
1152 2935 1155 2940 .

97 2968 144 3022 est
158 2963 193 3021 in
206 2977 248 3033 se,
267 2958 346 3018 dum
360 2957 571 3035 praedicatum
585 2957 718 3032 ponitur
741 2960 779 3015 ut
801 2955 919 3016 mentis
948 2963 1115 3032 conceptas

98 3041 159 3118 qui
173 3038 271 3101 afficit
284 3054 355 3099 rern
370 3039 470 3113 illam,
487 3053 562 3097 cum
580 3036 790 3111 predicatum
804 3039 959 3112 respectu
973 3035 1116 3115 subjecti

96 3123 141 3182 sit
156 3119 305 3199 quadam
318 3118 407 3179 notio
422 3117 621 3195 precognita
644 3115 706 3176 sub
729 3132 794 3194 qua
818 3115 1005 3194 subjectum
1034 3123 1113 3176 con-'

97 3201 274 3262 sideratur.
305 3200 389 3278 Ergo
424 3195 586 3258 affirmare
621 3197 873 3275 congruentiam
892 3195 1058 3273 praedicali
1082 3199 1116 3255 et

131 3367 166 3431 (1)
176 3347 327 3416 Scholastici
339 3357 418 3424 aliqui
425 3357 466 3407 hic
474 3355 636 3417 distinguunt
644 3354 779 3405 veritatem
793 3356 962 3416 complexam
971 3355 1003 3403 ab
1012 3356 1114 3404 iucom-

94 3431 184 3494 plexe
199 3425 353 3489 :complexa
375 3427 414 3471 est
438 3418 563 3485 judicium
584 3419 616 3466 de
636 3417 814 3466 convenientia
837 3417 876 3465 vel
899 3415 1115 3467 disconvenientia

98 3492 137 3542 rei
162 3505 220 3556 quae
234 3486 336 3553 proprie
347 3483 489 3549 appellatur
501 3481 604 3538 veritate,
618 3493 649 3528 eo
669 3479 737 3542 quod
755 3493 800 3544 per
820 3493 876 3528 earn
898 3479 1055 3536 affirmamus
1069 3483 1114 3528 aut

99 3530 238 3620 negamus
248 3549 406 3612 incomplexa
415 3549 455 3592 est
467 3543 631 3591 conformitas
646 3539 767 3606 simplicis
777 3539 928 3604 cognitionis
937 3555 995 3589 cum
1007 3539 1062 3604 ipsa
1075 3556 1112 3600 re,

175 3611 371 3678 minusproprie
385 3610 492 3657 vocatur
504 3603 607 3661 veritas,
622 3618 653 3652 eo
670 3603 739 3667 quod
751 3617 797 3666 per
820 3617 876 3651 eam
889 3601 954 3651 nihil
969 3601 1113 3652 affirmatur

100 3684 148 3732 aut
156 3681 265 3742 negator
289 3674 337 3738 (Dc
345 3669 458 3727 Rhodos,
471 3664 539 3717 Phil.
549 3666 630 3732 perip.
643 3662 688 3715 lib.
698 3679 708 3714 1
718 3663 782 3728 disp.
793 3663 825 3714 Ill
839 3680 864 3730 q.
875 3663 890 3714 2
902 3679 922 3714 s.
937 3663 1002 3730 231).
