2650 4242
481 297 597 342 noema
617 297 691 342 rans
712 258 733 342 ι’.
771 331 773 335 ,
1078 280 1119 341 73

97 413 261 476 bueretur
284 413 313 473 l⁰
325 411 359 471 in
383 412 613 490 incorpoream
629 418 662 476 et
691 429 896 490 corpoream,
911 413 944 473 2⁰
959 427 1118 489 corporea

99 486 368 556 subdivideretur
381 493 415 552 in
426 493 616 572 organicam
631 497 665 554 et
679 493 905 571 inorganicam
923 492 986 552 etc.

136 573 232 634 Noto.
248 571 438 632 Cavendum
466 577 516 634 εει
530 577 641 634 tamen
666 589 710 633 ne
739 572 981 634 subdivisiones
994 568 1040 631 ita
1053 569 1121 631 sint

99 660 285 712 numerosae
300 657 337 712 ut
351 651 394 711 ad
404 653 556 714 minimas
570 669 678 731 usque
694 656 805 729 partes
815 655 887 714 sine
900 651 1040 712 utilitate
1056 647 1115 710 de-

100 731 284 792 veniamus.
300 731 350 792 Ad
364 733 614 808 praecavendum
627 735 717 794 bunc
732 730 915 805 defectum,
930 729 1120 792 Scholastici

101 809 230 872 addere
245 811 447 871 solenthano
463 813 611 890 regulam
629 833 636 874 :
654 813 775 874 Diuisio
788 814 829 871 sit
844 813 958 872 breuis.
978 834 990 862 ι
1009 809 1119 871 Simile
1147 850 1149 855 -

104 888 243 952 confuso
256 894 318 962 cst,
330 891 436 968 inquit
450 892 589 966 Seneca,
599 891 759 971 quidquid
769 907 876 968 usque
892 889 935 950 ad
948 890 1120 966 pulverem

102 975 233 1032 sectum
252 975 303 1032 est
326 995 352 1030 t.
550 1013 555 1018 .

145 1051 237 1111 Ratio
254 1051 510 1130 quartaeregulae
526 1049 682 1127 estquod
704 1049 731 1110 si
750 1049 845 1112 fieret
865 1051 967 1110 saltus
981 1048 1015 1107 in
1037 1047 1118 1108 divi·

105 1128 230 1200 dend0,
245 1145 313 1192 non
328 1129 410 1192 ordo
426 1136 458 1192 ει
470 1130 630 1192 distinctio
642 1129 794 1190 idearum
805 1130 956 1199 oriretur,
968 1125 1029 1190 sed
1044 1143 1120 1188 con·

102 1207 206 1281 iusio;
224 1207 314 1287 quod
330 1214 380 1270 est
394 1215 507 1272 contra
519 1226 656 1288 scopum
672 1209 851 1272 divisionis.

425 1343 498 1408 5111.
515 1343 556 1396 De
570 1340 741 1396 inductione
756 1341 768 1411 <
786 1340 810 1411 ).

385 1513 386 1516 ,
443 1465 463 1517 l.
476 1463 542 1524 Quid
556 1468 581 1514 et
595 1463 733 1528 quotuplex
748 1461 799 1514 sitt

147 1580 216 1642 110.
234 1611 269 1624 -
285 1579 457 1641 lietbodus
477 1581 638 1660 analytica
664 1585 774 1658 potest
803 1579 903 1641 etiam
922 1576 1122 1657 quibusdam

98 1658 237 1740 judiciis
252 1659 463 1722 efformandis
487 1677 525 1720 ac
544 1661 690 1721 scientiis
716 1657 923 1733 inveniendis
951 1657 1120 1734 applicari.

104 1739 246 1816 Quando
260 1741 294 1802 in
308 1740 444 1800 veritate
460 1736 820 1818 aliquaexpeirdenda,
837 1738 1003 1814 asubjecti
1015 1737 1120 1797 consi·

106 1819 278 1882 deratione
294 1819 484 1881 exordimur
510 1827 546 1882 ut
561 1821 774 1883 deveniamus
798 1819 840 1880 ad
855 1820 1025 1879 notionem
1039 1832 1122 1892 prae-

104 1902 218 1969 dicati,
248 1899 423 1963 methodus
452 1897 570 1961 dicitur
597 1900 771 1978 analytica.
799 1897 928 1960 Etenim
949 1913 968 1956 a
987 1896 1122 1956 notione

103 1981 215 2040 minus
241 1980 429 2052 universati,
446 1980 572 2042 scilicet
587 1997 605 2040 a
620 1981 783 2060 subjecto,
813 1976 904 2056 quod
919 1980 970 2037 est
989 1973 1123 2053 aliquod

105 2064 224 2131 totum,
253 2059 296 2120 ad
321 2060 490 2120 notionem
522 2063 628 2136 inagis
669 2060 887 2120 universalem
914 2055 1121 2124 devenimus,

105 2153 230 2282 ¹3}er
265 2136 308 2198 ad
329 2138 549 2216 predicatum,
580 2140 670 2217 quod
700 2143 750 2200 est
773 2154 850 2216 pars
864 2137 967 2214 ipsius
982 2134 1124 2213 subjecti

106 2218 117 2298 (
147 2217 360 2373 δἐᾱ)ρεε1ιεε
379 2293 450 2358 fieri
473 2303 582 2375 potest
604 2297 695 2376 quod
720 2315 739 2359 a
763 2269 1039 2364 consideratione,
1055 2307 1125 2353 non

106 2379 202 2438 uuius
217 2377 366 2454 subjecti,
382 2376 443 2438 sed
455 2379 606 2452 plurium
616 2378 842 2457 subjectorum
856 2373 1076 2442 exordiantur,
1087 2377 1126 2431 ut

108 2457 325 2519 deveniamus
337 2455 379 2516 ad
389 2457 560 2519 notionem
573 2473 782 2518 communem
796 2455 846 2515 his
861 2454 1034 2531 subjectis3
1054 2467 1125 2529 quae

107 2542 286 2614 propterea
310 2536 399 2598 notio
430 2543 479 2598 est
506 2537 700 2599 universalis
714 2540 870 2611 respectu
888 2535 1122 2612 subjectorum.

150 2617 206 2676 Hic
222 2631 396 2694 processus
420 2616 602 2696 analyticus
617 2619 734 2679 dicitur
748 2616 901 2677 inductio.

152 2699 264 2757 lll.—-
274 2694 419 2756 Inductio
432 2694 585 2776 (ἐπαγωγή)
596 2694 782 2776 generatim
796 2697 940 2770 sumpta,
956 2697 1007 2752 est
1021 2694 1125 2752 trans-

109 2776 176 2838 itus
196 2776 302 2836 omnis
330 2792 348 2836 a
374 2776 596 2854 singularibus
621 2777 662 2839 ad
686 2775 884 2837 universale.
916 2769 981 2831 Sed
1005 2773 1034 2831 l⁰
1058 2769 1126 2830 ane

109 2857 264 2916 notiones
279 2861 356 2918 sunt
369 2857 565 2934 singulares,
583 2860 616 2916 et
636 2858 704 2917 aliae
718 2853 921 2916 universales
936 2847 998 2930 (29)
1016 2869 1024 2909 z
1046 2848 1126 2910 dum

111 2952 193 3014 ergo
208 2934 244 2994 fit
258 2935 411 2995 transitus
427 2953 445 2996 a
458 2935 672 3013 singularium
684 2935 873 3012 cognitione
889 2929 931 2992 ad
944 2930 1037 2991 ideas
1051 2930 1125 2990 uni·

109 3016 269 3086 versales
284 3013 320 3075 fit
333 3015 442 3092 aliquo
458 3031 560 3077 sensu
577 3017 716 3078 inductio
730 3017 764 3074 iu
783 3013 878 3082 ideis
894 3011 962 3070 haec
979 3007 1126 3071 inductio

110 3097 309 3172 estproprie
331 3095 517 3156 abstractio.
543 3094 592 3156 Ad
611 3095 723 3156 ideam
748 3090 967 3155 universalem
982 3089 1126 3166 assurgi·

107 3193 185 3237 mus
196 3191 215 3236 a
226 3173 446 3252 singularibus
457 3174 673 3246 exordiendo,
691 3171 823 3251 quando
840 3169 1036 3232 essentiales
1050 3169 1127 3228 isto·

106 3272 184 3317 rurn
207 3259 303 3316 notas
323 3253 614 3330 deprehendimus,
641 3252 829 3315 notionibus
846 3247 1128 3311 individuantibus

107 3335 242 3398 relictis.
258 3335 314 3394 Ex.
325 3349 374 3412 gr.
390 3353 397 3394 ε
411 3335 521 3396 Habeo
535 3335 645 3396 ideam
655 3333 755 3412 hujus
766 3330 862 3409 pruni
873 3329 927 3391 vel
935 3329 1034 3407 hujus
1047 3326 1126 3404 fagi,

108 3421 146 3478 et
160 3413 279 3477 exinde
296 3430 374 3474 eruo
396 3414 456 3474 has
480 3419 605 3475 tanturn
630 3417 726 3474 notas
751 3428 821 3489 quae
835 3413 988 3470 naturam
1003 3407 1129 3469 arboris

108 3496 331 3568 constituunt;
353 3499 429 3553 tunc
443 3493 551 3555 habeo
568 3495 720 3555 arborem
742 3491 777 3552 in
804 3505 942 3570 genere.
968 3488 1024 3548 Hic
1054 3503 1128 3548 con-

142 3626 176 3688 (1)
188 3627 224 3676 D.
244 3625 338 3674 Thom.
356 3622 379 3682 Q
398 3635 423 3684 q.
438 3619 506 3686 disp.
525 3624 556 3672 de
572 3624 711 3679 Veritctc;
727 3635 753 3684 q.
769 3618 808 3682 15,
817 3621 852 3668 de
866 3617 973 3666 ratione
990 3611 1130 3676 superiori

107 3699 136 3740 ct
149 3689 286 3750 inferiori,
301 3689 351 3735 art.
367 3683 392 3755 1,
406 3686 432 3732 et
445 3683 504 3734 lect.
515 3685 527 3733 1
537 3684 563 3734 in
574 3685 584 3734 1
595 3683 773 3748 Metapltysic.
