2650 4242
492 323 608 367 100111
629 319 701 366 PARS
723 324 754 366 11.
1075 305 1133 369 139

108 508 117 520 ·
133 431 185 492 3⁰
202 436 432 507 cotronense,
448 436 515 498 vim
533 438 669 498 rationis
690 435 901 498 individualis
915 451 977 497 seu
993 437 1127 517 subjec-

91 511 183 574 trvae
207 516 304 576 nimis
321 516 516 578 extollentes
529 515 683 595 rejiciunt
698 533 812 578 omnes
828 517 984 578 veritates
1010 517 1129 580 rationi

92 591 380 672 subjectivaenon
395 595 583 658 evidentes:
596 596 687 658 unde
695 595 857 674 quidquid
870 613 936 657 non
944 600 994 658 est
1017 597 1128 658 intrin-

92 683 217 734 secus
232 674 369 737 evidens
391 682 425 737 et
438 677 648 738 rationalistis
667 677 756 753 ipsis
766 680 937 753 reputatur
944 675 1063 738 falsum
1075 681 1131 739 aut

97 749 267 817 dubium.
284 754 446 832 Rejiciunt
460 772 540 835 ergo
557 755 681 817 directe
698 757 923 818 testimonium
939 755 1086 818 divinum
1098 760 1131 817 et

97 845 236 894 omnes
257 835 411 897 veritates
427 837 705 912 supernaturales,
722 837 788 896 imo
806 841 839 898 et
847 836 954 912 ipsam
964 835 1130 898 certitudi-

99 926 197 972 nem
210 914 411 990 historicam,
441 932 508 994 qua
529 920 730 996 cogerentur
757 914 931 978 admittere
956 917 1128 978 revelatio-

102 1007 198 1052 nem
214 992 369 1056 divinam.

154 1074 282 1135 Verum
304 1075 451 1136 cumbas
467 1074 612 1137 diversas
625 1072 748 1135 formas
771 1073 968 1150 scepticismi
983 1077 1127 1154 particu-

102 1150 256 1215 larisvel
261 1155 332 1233 jam
342 1152 630 1226 confutaverimus,
645 1153 930 1230 velopportuniori
941 1155 1013 1216 loco
1022 1160 1055 1216 et
1064 1154 1128 1217 dis·

105 1233 253 1295 tinctius
266 1236 491 1314 impugnaturi
501 1236 613 1308 simus,
629 1234 663 1294 in
677 1249 821 1310 presens
835 1235 997 1313 impetere
1008 1233 1131 1297 sufficit

106 1313 192 1374 illos
208 1318 334 1375 tantum
349 1315 512 1391 scepticos
528 1315 581 1392 qui
604 1313 754 1375 dubitant
769 1313 810 1374 de
837 1315 989 1377 omnibus
1010 1315 1129 1376 verita·

107 1393 218 1453 tibus.
235 1392 334 1455 Porro
350 1395 435 1455 inter
448 1399 579 1456 veteres
593 1397 766 1470 scepticos‚
786 1393 984 1456 celebriores
1003 1395 1130 1456 haben-

109 1475 172 1533 tur
186 1472 309 1552 Pyrrho
324 1475 454 1535 Eleates
476 1475 573 1552 (anno
601 1473 729 1534 circiter
744 1473 802 1534 380
816 1478 892 1534 ante
909 1473 942 1534 C.
959 1475 985 1534 N
990 1473 1023 1554 .),
1054 1473 1129 1535 Car·

106 1551 246 1614 neades
260 1553 359 1632 (anno
378 1555 434 1616 170
461 1558 537 1625 ante
562 1553 596 1614 C.
626 1552 679 1632 N.)
699 1569 790 1614 novae
807 1553 989 1614 Academiae
1004 1558 1130 1627 auctor,

111 1636 153 1693 et
168 1634 347 1709 presertim
375 1635 492 1695 Sextus
514 1633 707 1710 Empiricus‚
724 1633 778 1710 qui
800 1633 833 1693 in
856 1633 937 1694 libro
961 1635 1133 1714 hypotypo-

111 1729 195 1773 seon
223 1712 265 1774 ad
289 1710 428 1775 formam
452 1713 667 1773 scientificum
696 1716 891 1790 argumenta
913 1714 1133 1789 sceptioorum

112 1790 264 1871 redegit.
277 1790 370 1853 Inter
385 1794 597 1865 recentiores,
611 1793 667 1870 qui
681 1794 902 1870 sceptioorum
917 1792 1133 1854 deliramenta

112 1888 209 1948 pene
231 1872 385 1936 oblivioni
401 1873 478 1934 data
500 1873 736 1946 excitaverunt,
760 1871 882 1934 tamam
897 1873 1041 1950 aliquam
1057 1887 1133 1934 con-

115 1952 227 2012 secuti
242 1956 320 2013 sunt
333 1953 519 2030 Montaigne
534 1954 567 2014 in
584 1953 685 2013 Gallia
700 1957 778 2024 (sec.
792 1951 866 2028 rvr),
884 1953 983 2032 Bayle
997 1953 1032 2012 in
1059 1951 1132 2014 Hol-

114 2030 232 2094 landia
254 2031 334 2111 (sec.
347 2032 434 2112 xvir),
450 2033 552 2095 David
567 2034 671 2093 Hume
682 2032 716 2092 in
730 2032 845 2110 Anglia
860 2030 938 2111 (sec.
964 2028 1049 2110 svm)
1065 2037 1130 2094 etc.

161 2111 282 2174 Contra
296 2112 357 2172 hos
379 2129 506 2187 omneS,
529 2117 710 2191 sequentes
732 2113 842 2172 theses
857 2111 1060 2174 stabiliemus
1083 2131 1091 2174 t

116 2255 192 2315 232.
216 2287 255 2296 -—
276 2255 384 2314 Turesis
406 2256 427 2314 l.
466 2261 548 2318 cunt
564 2271 641 2314 uero
652 2253 850 2330 pyrrhonico
867 2254 968 2330 quise
982 2257 1016 2317 t‘rr
1030 2253 1135 2313 omni-

161 2334 221 2393 bus
241 2335 413 2410 scepticttm
428 2351 493 2396 esse
502 2335 687 2410 profitetur,
705 2334 867 2408 disputari
887 2335 998 2409 nequit
1018 2331 1028 2413 (
1052 2331 1073 2412 l.

159 2466 337 2526 Probatur.
352 2466 401 2526 Ad
418 2465 676 2543 disputationem
690 2465 924 2526 instituendam
938 2465 1134 2544 requiritur:

163 2547 194 2607 l⁰
205 2545 464 2606 Fundamentum
480 2550 513 2606 et
523 2548 556 2606 2⁰
571 2545 712 2606 conditio
728 2545 1031 2619 demonstrationis;
1047 2547 1137 2622 atqui

120 2627 259 2700 sceptici
274 2622 412 2701 perfecti
424 2624 679 2687 tundamentum
694 2629 727 2686 et
743 2624 965 2687 conditionem
981 2626 1135 2686 demons-

122 2705 273 2766 trationis
293 2706 454 2783 rejiciunt.
470 2708 567 2783 Ergo.

163 2785 406 2845 Demonstratio
422 2785 564 2847 exordiri
578 2783 679 2844 debet
692 2785 732 2844 ab
744 2783 850 2861 aliquo
862 2783 1020 2861 principio
1034 2787 1135 2860 certo,

123 2879 223 2924 secus
242 2865 487 2926 conclusionem
503 2869 624 2925 certam
638 2878 806 2940 nunquam
823 2863 901 2923 dare
917 2868 1043 2940 posset;
1054 2875 1138 2939 prae-

124 2948 218 3004 terea
231 2946 407 3021 requiritur
429 2950 463 3006 ut
484 2944 643 3006 ratiocinii
653 2943 776 3004 visnon
787 2942 989 3018 repudietur,
1003 2957 1136 3020 nempe,

123 3030 243 3086 utnon
254 3028 394 3101 negetur
409 3028 555 3085 mentem
569 3038 667 3100 posse
684 3023 723 3084 ab
739 3039 805 3084 uno
820 3038 898 3084 vero
915 3023 1047 3084 malind
1067 3026 1139 3083 tuto

126 3101 296 3165 devenire.
327 3105 428 3181 igitur
455 3104 628 3181 disputatio
657 3101 813 3163 subaudit
827 3103 985 3179 principia
1001 3106 1091 3163 certa
1106 3105 1140 3162 et

124 3182 376 3259 possibilitatem
397 3183 587 3244 transeundi
601 3183 672 3244 sine
688 3197 798 3242 errore
814 3183 854 3243 ab
867 3184 957 3243 hisce
973 3182 1139 3260 principiis

126 3260 170 3322 ad
185 3263 427 3324 conclusiones.
442 3266 540 3341 Atqui
555 3263 608 3323 ille
625 3263 680 3340 qui
697 3263 878 3339 scepticum
893 3277 929 3322 se
943 3263 977 3323 in
988 3263 1139 3324 omnibus

127 3358 203 3402 esse
218 3341 389 3418 profitetur
410 3346 438 3404 l⁰
456 3343 581 3404 nullum
609 3341 749 3403 admittit
776 3343 972 3418 principium
1001 3349 1140 3412 certum,

127 3424 313 3483 1100110112ο
337 3438 470 3483 omnem
496 3423 665 3484 ratiocinio
694 3423 758 3483 vim
784 3420 940 3500 denegat.
965 3423 1049 3500 Ergo
1066 3435 1142 3482 cum

129 3501 184 3563 tali
198 3502 331 3562 homine
347 3501 501 3580 disputari
512 3505 637 3580 nequit.

170 3582 293 3644 Verum
314 3583 341 3641 si
361 3581 578 3672 disputatione
608 3579 757 3643 convinci
784 3585 965 3659 nequeunt,
1002 3581 1142 3660 possunt

162 3710 199 3773 (0)
213 3709 252 3760 De
265 3709 355 3760 1110111,
368 3711 396 3760 in
409 3724 436 3759 rr
448 3709 614 3776 Metaphysic.
623 3708 681 3759 lect.
696 3708 742 3770 Vl,
757 3708 813 3760 VII.
