2650 4242
341 278 539 326 urrarnrsrcl
560 284 643 341 orm,
666 281 720 326 sau
743 281 923 327 ouroioon.
1065 265 1145 328 '195

132 393 210 454 llius
232 410 251 454 a
273 411 339 471 quo
366 394 604 470 consideratur,
627 396 722 475 quasi
742 395 916 474 vestigium
940 394 1057 458 infiniti
1078 411 1144 472 prae

121 491 160 534 se
182 473 257 534 fert.
275 474 310 534 ld
327 475 414 535 enim
429 477 569 538 sublime
584 493 604 538 a
625 477 720 538 nobis
736 475 854 538 dicitur
869 475 959 554 quod
973 482 1145 552 stuporem

119 558 310 632 ingenerat,
347 556 423 631 quia
453 557 518 616 vim
549 560 580 618 et
614 556 720 617 aciem
743 561 928 616 nostrarum
951 555 1144 618 facultatum

119 633 390 712 praetergreditur
406 655 413 695 :
431 636 587 710 animum,
613 651 714 714 quam
727 638 823 710 rapit,
850 640 989 714 repente
1014 635 1143 711 percel-

120 713 159 774 lit
174 713 216 773 ob
233 715 496 792 magnitudinem
519 732 615 792 quarn
630 714 676 777 illi
693 716 837 781 exhibet.

163 793 278 854 Differt
291 811 310 853 a
331 795 482 872 pulchre,
497 811 571 855 nam
596 797 626 856 l⁰
641 795 682 856 ab
698 794 920 856 uniformitate
943 809 1010 854 non
1025 793 1143 854 abhor-

121 875 184 944 ret,
203 878 237 933 et
258 873 377 935 exinde
399 875 592 936 varietatem
606 890 674 936 non
689 875 892 950 expostulal;
909 874 1028 934 limites
1044 872 1141 950 dum,-

124 957 215 1012 taxat
234 954 398 1029 repellere
423 953 524 1015 debet
542 974 549 1014 :
568 955 786 1030 capacitatem
800 956 1030 1031 cognoscentis
1046 968 1142 1015 exsu-

118 1037 221 1108 peret
242 1048 380 1094 necesse
403 1038 466 1094 est.
482 1035 716 1096 Verumtamen
731 1050 798 1094 non
813 1049 896 1110 opus
913 1038 963 1094 est
984 1039 1020 1094 ut
1046 1047 1143 1094 mens

120 1113 349 1173 ratiocinando
371 1111 415 1173 ad
430 1114 605 1192 'objectum
626 1113 766 1174 sublime
790 1130 830 1173 ex
850 1113 978 1191 integro
1002 1129 1142 1192 cognos-

121 1191 269 1252 cendum
311 1191 467 1253 devenire
504 1197 666 1271 nequeat;
703 1191 822 1253 suflicit
857 1197 902 1256 ut¹
933 1191 1143 1254 intuitionem

121 1272 288 1332 actualem
317 1273 468 1333 excedat.
502 1273 661 1333 Praeterea
689 1273 720 1332 2⁰
749 1271 955 1349 pulchritudo
990 1271 1143 1332 ordinem

120 1352 271 1428 requirit,
288 1351 367 1412 dum
376 1352 518 1413 sublime
528 1353 618 1412 illum
630 1367 697 1412 non
709 1353 873 1427 exposcit3
887 1353 951 1410 imo
963 1350 1142 1428 aliquando

122 1447 165 1490 ex
188 1433 434 1509 perturbatione
450 1436 611 1510 augescit,
637 1436 735 1508 atque
756 1432 853 1492 etiam
869 1431 901 1489 in
923 1430 994 1505 ipsa
1015 1429 1139 1491 consis-

123 1511 161 1570 tit
176 1512 425 1586 perturbatione
450 1532 457 1572 :
482 1532 512 1573 v.
535 1527 569 1588 g,
594 1515 774 1586 tempestas
794 1517 888 1571 atrox
903 1523 1142 1587 nonnunquam

121 1592 352 1667 spectaculum
366 1593 506 1652 sublime
522 1590 650 1653 dicitur.
675 1593 706 1652 3⁰
729 1589 815 1651 Ordo
833 1591 984 1668 cognitus
999 1589 1143 1666 aliquam

122 1669 233 1747 gignit
246 1675 464 1748 temperatam
484 1670 747 1740 admirationem,
773 1671 851 1731 dum
879 1669 1019 1730 sublime
1034 1671 1144 1746 gignit

123 1757 305 1827 stuporem,
322 1767 360 1811 ac
376 1767 517 1812 excessu
531 1767 590 1812 suo
605 1749 795 1812 facultatem
810 1750 873 1812 sibi
887 1750 1058 1810 submittit.

529 2023 656 2087 CAPUT
678 2025 729 2085 lll.

226 2185 263 2226 DE
278 2183 421 2228 seruulus
434 2185 544 2228 attribu
555 2183 720 2228 caueamus
732 2181 786 2227 SEU
801 2183 839 2225 DE
855 2179 1039 2226 disnodans.

148 2353 151 2356 .
166 2306 236 2379 335.
253 2339 292 2348 —
305 2306 378 2366 lam
391 2306 426 2366 in
440 2306 559 2383 Logica
580 2305 682 2366 locuti
696 2320 811 2365 sumus
833 2303 875 2366 de
895 2303 1068 2384 categoriis
1082 2319 1144 2364 seu

122 2385 168 2446 de
193 2383 466 2462 predicamentis
488 2388 593 2460 prout
620 2385 776 2445 secundis
798 2385 1035 2446 intentionibus
1062 2383 1140 2443 sub-

123 2469 223 2536 sunt3
244 2480 332 2524 nunc
356 2468 466 2525 autem
482 2462 684 2525 considerari
699 2464 824 2525 debent
836 2468 935 2541 prout
949 2468 1025 2525 sunt
1040 2463 1140 2524 entia.

126 2544 302 2622 Objectum
317 2546 404 2604 enim
422 2545 660 2621 categoriarum
676 2548 753 2605 sunt
766 2559 819 2603 res
834 2559 961 2614 omnes,
979 2548 1143 2620 quatenus

125 2620 282 2685 secundis
297 2624 534 2684 intentionibus
556 2624 678 2684 affectae
703 2625 743 2684 ab
765 2623 906 2685 invicem
930 2621 1142 2684 secernenda

126 2709 160 2764 et
174 2720 193 2764 a
209 2705 336 2763 ratione
355 2702 545 2763 ordinandae
566 2708 654 2763 sunt.
673 2703 857 2779 speculatio
872 2702 971 2782 igitur
983 2699 1140 2778 predica-

124 2787 315 2844 mentorum
336 2782 433 2843 simul
452 2782 596 2858 pertinet
611 2783 653 2843 ad
675 2784 829 2861 Logicam
845 2787 877 2842 et
891 2781 933 2842 ad
947 2781 1143 2860 Metaphysi-

126 2879 211 2923 cam.
228 2860 405 2941 categoria
420 2861 619 2924 considerari
640 2867 802 2938 possunt:

168 2946 197 3004 l⁰
218 2941 284 3002 Prae
298 2941 431 3019 objecto
446 2958 518 3014 suo,
535 2957 658 3018 nempe
673 2946 771 3018 prout
785 2945 861 3002 sunt
875 2938 974 2999 entia.
999 2937 1141 3018 Catego-

124 3023 178 3089 rie
193 3025 283 3084 enim
293 3021 402 3096 ipsum
418 3036 479 3102 ens
494 3020 809 3096 exhibentpluribus
819 3019 1024 3095 diversisque
1034 3017 1144 3079 modis

121 3101 383 3174 determinatum
388 3105 448 3174 ;·et
463 3102 524 3178 sub
539 3101 602 3160 hoc
616 3101 818 3177 respectum
832 3098 1054 3177 Metaphysica
1069 3113 1143 3174 per-

123 3175 505 3262 lustrantur,¹,2sideidem
519 3180 716 3257 principium
741 3198 759 3241 a
783 3196 846 3257 quo
871 3183 1076 3254 promanant,
1094 3181 1145 3238 est

115 3264 179 3323 'eris
199 3265 232 3324 in
253 3311 256 3315 .
293 3247 501 3331 ssadtumens,
520 3260 701 3337 etquidem
726 3260 853 3322 actuale
867 3273 968 3318 :nam
991 3255 1034 3319 ad
1057 3261 1143 3318 cate-

125 3342 237 3420 gorias
252 3277 622 3558 ffevssncarnouones
637 3355 747 3400 rerum
769 3355 839 3416 quae
861 3339 896 3396 in
919 3341 1035 3400 natura
1052 3340 1142 3410 sunt,
1175 3372 1177 3376 >

128 3425 163 3481 et
175 3423 275 3497 prout
284 3435 309 3488 ⁴a
380 3419 505 3489 suntin
526 3423 655 3480 natura.

118 3507 126 3540 ’-
167 3502 321 3579 When
366 3501 515 3574 possunt
534 3515 600 3576 prae
623 3499 678 3558 illo
704 3494 794 3573 quod
814 3496 939 3557 babent
959 3509 978 3554 a
1001 3493 1142 3568 ratione,

129 3595 191 3640 seu
204 3579 238 3640 in
259 3578 420 3655 quantum
442 3578 550 3655 aliqua
572 3577 756 3654 proprietas
770 3575 811 3636 ab
826 3575 996 3636 intellectu
1010 3577 1145 3633 causata

57 3649 61 3662 '
131 3661 179 3722 eis
200 3657 394 3734 attribuitur,
416 3650 540 3736 nempe
563 3663 727 3736 quatenus
754 3660 832 3718 sunt
858 3655 961 3716 series
985 3649 1145 3714 naturalis
