2650 4242
231 260 286 320 176
528 278 709 322 anavrsnruu
730 277 935 322 ruruosormn

228 410 293 455 nou
306 392 455 454 habent:
479 408 509 452 v.
525 409 589 471 gr„
604 394 802 470 possibilitas
826 395 969 470 pictura.
995 391 1124 453 Dicitur
1145 388 1241 450 etiarn

225 473 423 550 possibilitas
437 475 670 547 metaphysica,
693 474 747 534 vel
759 476 865 550 topica
879 495 889 532 .·
903 471 1060 550 possibile
1078 473 1173 533 enim
1194 468 1242 530 lo·

225 556 339 632 gicurn
356 561 405 612 εει
418 552 473 612 ille
489 553 641 628 specialis
655 553 776 614 modus
792 553 1039 630 compositionis
1062 552 1160 631 cujus
1178 554 1239 610 ter·

226 633 304 694 nriui
320 649 387 693 nou
402 632 576 694 includunt
590 633 895 695 contradictionem.

263 711 463 773 Possihilitas
495 715 679 774 extrinseca
705 721 755 775 εει
785 711 933 790 aptitudo
958 713 1001 775 ad
1029 709 1241 774 existendum

224 792 411 870 procedens
427 807 469 850 ex
480 794 598 856 virtute
614 808 718 853 cause
735 808 804 870 quae
820 792 941 854 idonea
954 797 994 855 sit
1008 791 1052 852 ad
1070 807 1145 852 rem
1164 805 1238 867 pro-

225 872 413 933 ducendam
430 887 479 930 :u
491 887 555 950 gr,
568 873 765 948 possibilitas
776 873 907 949 picture
917 873 958 934 ab
971 870 1109 946 artifice3
1123 869 1241 932 dicitur

226 953 325 1013 etiam
340 949 534 1027 possibilitas
544 954 702 1026 physica:
719 953 876 1029 possibile
892 955 980 1014 enim
1004 953 1179 1029 physicum
1194 949 1237 1009 la-

225 1033 288 1092 tius
309 1036 477 1107 sumptum
499 1045 548 1091 est
567 1031 602 1091 id
616 1047 715 1091 omne
739 1031 829 1110 quod
850 1039 960 1108 potest
983 1048 1057 1094 esse
1081 1031 1238 1092 terminus

224 1111 362 1191 alicujus
385 1111 536 1188 potentiae
556 1109 755 1188 productiva
778 1111 909 1190 quando
925 1111 1108 1173 formaliter
1133 1109 1237 1168 consi-

226 1191 361 1252 deratur
373 1192 407 1250 in
421 1190 536 1251 ordine
546 1190 589 1250 ad
604 1191 687 1251 hanc
704 1194 894 1268 potentiam.
908 1190 1116 1252 Possioilitati
1131 1189 1238 1266 physi-

227 1288 270 1332 cae
284 1269 459 1349 aliquando
475 1275 652 1346 opponitur
666 1271 798 1332 moralis
818 1288 900 1349 qua,
921 1280 1038 1344 praeter
1059 1269 1238 1330 efficaciam

226 1367 342 1424 causae,
367 1349 443 1410 dicit
458 1351 601 1426 aliquam
616 1352 873 1428 propensionem
891 1350 943 1411 ad
956 1350 1138 1430 agendum.

264 1431 385 1491 Dicitur
398 1430 529 1490 moralis
546 1433 623 1506 quia
645 1430 694 1490 rei
718 1431 882 1507 possibilis
909 1431 1038 1492 effectio
1061 1426 1237 1490 conformis

225 1513 276 1570 est
287 1513 445 1570 consueto
453 1507 553 1570 modo
565 1509 688 1588 agendi
699 1526 814 1585 causae,
827 1525 888 1571 seu
898 1509 1130 1571 communibus
1140 1523 1237 1587 agen-

224 1592 304 1650 tium
318 1589 475 1649 moribus.

263 1667 461 1730 Posslbilitas
476 1684 548 1745 quae
561 1671 739 1745 utrumque
756 1669 993 1747 complectitur,
1007 1686 1067 1731 seu
1081 1666 1235 1728 intrinse-

226 1764 298 1808 cam
314 1753 347 1808 et
361 1750 579 1809 extrinsecam
595 1746 716 1808 dicitur
729 1751 912 1824 adequcto.

262 1828 459 1889 Possihilitas
477 1825 651 1888 intrinseca
678 1835 728 1888 εει
750 1829 910 1902 absoluta,
937 1827 1015 1888 dum
1042 1825 1236 1903 possibilitas

225 1908 410 1968 extrinseca
421 1907 554 1967 relativa
567 1911 617 1967 est
631 1907 674 1968 ad
688 1907 774 1969 vires
789 1922 910 1983 causae;
926 1907 1001 1968 hinc
1014 1907 1049 1968 id
1065 1904 1159 1984 quod
1169 1921 1236 1965 res-

225 1996 324 2062 pectu
339 1989 437 2048 unius
453 2002 557 2047 causae
571 1984 657 2047 foret
675 1988 889 2063 impossibile,
916 1994 1070 2064 respectu
1093 1985 1232 2055 alterius,

220 2069 378 2145 possibile
394 2071 491 2127 esset.
508 2067 543 2126 ln
558 2065 675 2127 ordine
686 2066 728 2127 ad
740 2068 845 2127 Deum
856 2070 962 2128 omnia
979 2065 1234 2144 quaintrinsece

223 2152 300 2209 suut
309 2147 489 2224 possibilia,
507 2146 727 2207 extrinsecam
741 2147 865 2208 habent
879 2147 1139 2224 possibilitatem.

575 2293 608 2343 ΙΙ.
622 2294 660 2344 De
674 2291 897 2358 impossibilitate·

261 2442 333 2504 292.
346 2477 384 2485 —
400 2441 435 2501 ld
451 2438 540 2518 quod
562 2441 740 2518 opponitur
760 2441 964 2517 possibilitati
981 2444 1031 2501 εει
1053 2437 1233 2516 impossihi-

213 2524 318 2584 litas:
334 2520 536 2598 impossibile
551 2520 651 2598 igitur
662 2527 713 2581 εει
727 2523 762 2582 id
773 2525 857 2597 quod
870 2526 913 2585 ud
927 2521 1131 2581 emittentium
1145 2521 1232 2580 deoc-

224 2603 426 2676 circiteqatt.

265 2681 403 2756 Quando
426 2679 627 2756 impossibile
647 2678 772 2756 aliquid
793 2679 912 2740 dicitur
936 2696 975 2740 eo
1000 2679 1090 2757 quod
1112 2679 1147 2738 in
1172 2677 1232 2738 suis

225 2761 439 2822 constitutivis
474 2759 765 2820 contradictionem
800 2761 955 2833 continet,
980 2764 1016 2819 ut
1040 2759 1231 2837 triangulum

226 2841 430 2917 quadratum,
450 2845 499 2899 est
512 2839 758 2916 impossibilitas
783 2840 967 2900 intrinseco.
995 2839 1230 2915 Impossibilitas

225 2920 285 2980 erit
306 2924 487 2980 eatrtnsecc
509 2918 642 2996 quando
660 2918 783 2996 aliquid
798 2917 840 2980 ad
856 2921 1063 2980 existentiam
1082 2918 1229 2980 devenire

225 3003 339 3076 nequit
353 3001 393 3060 ob
410 2997 577 3060 defectum
590 2999 716 3059 virtutis
732 3015 773 3060 ex
793 3006 885 3076 parte
903 3013 1018 3060 causae.
1039 2999 1076 3059 V.
1093 3015 1127 3077 g.
1153 2998 1228 3058 actio

225 3081 421 3141 simultauea
437 3079 588 3158 ejusdem
603 3079 743 3139 hominis
758 3081 791 3138 in
805 3079 887 3139 locis
900 3079 1001 3156 louge
1021 3077 1156 3148 dissitis,
1180 3086 1229 3137 aut

226 3160 408 3220 efformatio
424 3161 562 3239 alicujus
582 3160 631 3220 rei
646 3175 688 3219 ex
701 3157 800 3220 nihilo
817 3173 859 3218 ex
873 3162 966 3235 parte
981 3173 1086 3220 causae
1106 3159 1226 3230 creata;

224 3240 293 3300 haec
307 3239 551 3319 impossibilitas
577 3239 675 3300 etiarn
701 3238 820 3299 dicitur
838 3238 985 3314 ptysicc.

268 3319 510 3396 impossibilitas
524 3317 663 3380 moralis
673 3321 881 3394 nuncupatur
891 3317 1036 3395 quandO,
1051 3316 1133 3379 illud
1147 3313 1227 3395 quod

228 3398 344 3460 dicitur
377 3399 588 3477 impossibile,
627 3414 692 3476 prae
730 3398 992 3472 circumstantiis,
1028 3399 1069 3458 ab
1104 3398 1226 3458 homine

26 3534 27 3557 ,
113 3530 115 3533 .
225 3477 297 3540 fieri
311 3493 378 3539 non
388 3479 484 3551 solet,
497 3496 534 3540 ao
546 3475 685 3556 proinde
698 3476 768 3555 ejus
781 3477 908 3540 effectio
919 3480 1083 3556 repugnat
1094 3493 1226 3539 commu-

26 3608 29 3643 l

226 3559 324 3618 uibus
335 3559 503 3620 hominum
517 3559 675 3635 moribus,
688 3558 761 3621 ticet
775 3559 918 3620 absolute
932 3560 971 3621 cb
985 3559 1114 3620 toottnc
1123 3557 1227 3637 perfici

79 3685 82 3690 -
222 3639 334 3716 possit.

25 3674 166 3878 u
302 3860 316 3890 .
