2650 4242
322 262 522 307 urrsrnrsmi
539 263 626 315 eun,
649 261 704 306 sno
720 260 903 309 ebroicen.
1062 244 1122 307 239

110 378 223 433 movet
244 387 347 451 agens
369 369 410 431 ad
432 370 611 450 agendum.
634 372 718 434 Finis
741 389 821 453 ergo
849 377 900 435 est
928 373 964 433 id
986 378 1122 450 propter

111 452 263 527 quadret
284 454 327 513 aa
340 454 427 527 qaod
441 453 568 529 aliquid
579 453 641 528 stt..
759 526 761 531 ,

109 576 173 636 415
202 608 239 617 -·
254 577 362 635 Tnesrs
377 575 400 635 Ι.
417 576 503 635 Finis
517 581 560 635 est
573 592 652 637 ocra
667 592 706 639 oc
724 578 856 653 proprie
869 577 955 638 dicto
969 592 1078 638 caasa.

153 692 324 751 Probatur.
348 688 430 749 illud
451 693 501 751 est
523 706 622 751 causa
643 696 778 768 propter
798 696 886 769 quod
902 693 1041 754 alierum
1057 695 1118 752 esi.

111 770 211 847 Atqui
233 770 368 829 effectus
391 773 441 829 esi
470 777 606 847 propter
636 773 735 833 finem
768 773 856 844 teia,
878 787 909 831 v.
932 788 996 851 gr„
1022 787 1121 848 prop-

113 854 166 910 ter
194 852 363 911 'caritatem
393 854 444 909 est
473 852 614 930 sumptio
644 851 824 913 medicinae.
856 852 941 931 Ergo
971 849 1044 911 finis
1070 857 1121 913 est

112 945 193 992 vera
215 933 248 989 et
268 932 399 1006 proprie
422 927 507 990 diota
529 946 638 992 causa.
972 992 974 1002 ἱ

153 1011 263 1085 Major
277 1014 403 1069 constat
425 1028 433 1069 :
453 1009 534 1071 illud
556 1012 642 1072 enim
666 1014 715 1071 est
737 1026 842 1071 causa·
856 1027 917 1087 per
939 1008 1028 1089 quod
1048 1025 1116 1069 res-

113 1088 281 1165 pondetur
301 1089 341 1149 ad
365 1092 577 1166 questionem
593 1096 730 1166 propter
753 1092 833 1167 quid
860 1107 915 1151 res
941 1091 999 1164 sit;
1022 1105 1118 1167 porro

111 1169 190 1229 huic
213 1169 379 1246 questioni
400 1170 620 1246 respondetur
640 1186 702 1247 per
723 1185 855 1240 oausam
876 1168 1019 1231 finalem.

154 1250 261 1309 Miror
275 1251 372 1310 etiam
392 1253 492 1325 patet.
515 1250 599 1312 Finis
621 1252 708 1312 enim
730 1266 806 1312 vere
827 1256 939 1312 movet
959 1264 1062 1327 agens
1078 1248 1122 1309 ad

115 1327 332 1405 operandum,
363 1328 407 1388 ita
439 1329 528 1405 quod
560 1330 587 1390 si
619 1344 684 1390 non
719 1333 879 1404 moveret,
915 1346 1018 1409 agens
1053 1344 1120 1388 non

114 1413 238 1486 ageret,
261 1424 323 1468 nee
343 1408 482 1484 proinde
503 1407 597 1470 fieret
619 1409 768 1470 effeetus.
791 1410 888 1490 Ergo,
911 1416 971 1471 eio.

114 1525 185 1587 416.
208 1558 246 1568 -
266 1528 373 1587 Terss
394 1527 431 1586 11.
449 1532 653 1603 Omoeapeas
669 1529 881 1605 apitpropter
893 1528 1000 1604 irem.

155 1644 237 1703 Nota
257 1643 278 1701 t.
304 1642 462 1703 Omnibus
482 1642 582 1703 rebus
612 1643 809 1719 praestitutus
840 1648 890 1704 est
911 1643 1028 1722 aliquis
1047 1642 1122 1706 finis

113 1721 149 1781 in
170 1737 270 1798 quem
292 1738 440 1799 queque,
463 1723 540 1782 lieet
570 1722 710 1795 diverse,
742 1726 808 1785 suis
840 1723 1023 1785 actionibus
1046 1730 1118 1787 ien-

116 1799 361 1953 dulmbuaedam
383 1840 513 1959 agentia
526 1880 711 1956 formaliter
724 1884 828 1961 agunt
845 1886 981 1959 propter
993 1880 1094 1944 finem
1111 1903 1119 1943 ε

20 1996 30 2020 i
116 1975 156 2020 ea
177 1964 254 2021 suni
276 1976 345 2036 quae
365 1959 465 2021 finem
496 1966 701 2039 cognoscunt
726 1962 788 2023 sub
818 1963 945 2023 ratione
966 1960 1051 2037 finis,
1073 1965 1119 2025 uti

115 2041 225 2100 omnia
246 2043 378 2118 agentia
398 2041 522 2101 ratione
544 2038 690 2117 praedita.

154 2121 186 2179 2⁰
208 2119 412 2198 Quandoque
442 2135 545 2197 agens
575 2120 680 2181 tendit
710 2120 745 2180 in
773 2118 873 2181 finem
893 2136 961 2201 non
984 2136 1120 2201 cognos-

116 2197 224 2260 cendo
254 2198 366 2272 finem,
396 2204 433 2261 ut
464 2200 573 2271 finem,
602 2215 714 2279 neque
731 2201 975 2277 proportionem
994 2202 1118 2263 medio-

114 2296 189 2339 rum
211 2296 287 2345 rum
306 2278 384 2354 fine,
407 2283 474 2342 sive
495 2282 531 2340 in
551 2282 629 2339 eum
649 2281 781 2356 proprio
803 2284 906 2351 motu,
930 2280 997 2341 sive
1013 2281 1119 2345 alieno

117 2357 293 2437 dirigatur3
322 2368 400 2420 tunc
430 2359 646 2419 materialiter
678 2362 746 2437 agii
776 2363 911 2436 propter
938 2358 1049 2434 finem,
1072 2362 1121 2421 uti

115 2438 212 2499 bruta
234 2442 267 2498 et
287 2442 417 2516 agentia
438 2454 539 2499 sensu
561 2438 728 2510 destituta,
755 2454 826 2517 quae
847 2439 888 2500 ab
902 2440 1045 2501 Auctore
1059 2454 1120 2501 na·
1193 2486 1195 2489 -

117 2523 195 2579 turae
218 2518 391 2580 ducuntur.
415 2518 480 2578 Sed
501 2518 607 2591 bruta,
630 2522 667 2579 ui
688 2517 732 2579 ait
752 2518 783 2579 S.
806 2518 957 2594 Thomas,
973 2522 1006 2581 in
1019 2518 1120 2581 finem

118 2601 280 2658 eaemarbe
295 2604 327 2660 ei
338 2599 575 2675 approbemtoe,
586 2599 660 2674 quia
677 2596 818 2659 tendunt
829 2598 971 2675 aliquam
980 2598 1053 2661 finis
1067 2618 1121 2661 oo-

165 2678 299 2739 itionem
332 2680 453 2739 habent
478 2696 484 2737 :
507 2694 538 2738 v.
561 2694 625 2756 gn,
649 2694 755 2757 equus
777 2692 924 2757 quaerens
945 2679 1118 2756 pabulum3

142 2774 198 2819 um
218 2760 349 2837 agentia
378 2773 479 2818 sensu
509 2758 663 2819 destituta
692 2760 852 2820 eaecartoe
872 2760 999 2819 tanturn
1019 2758 1118 2821 finem

118 2841 280 2916 appetunt
302 2858 309 2898 :
332 2837 378 2899 sic
399 2838 516 2917 sagitta
537 2838 694 2899 sehabet
715 2838 757 2899 ad
778 2853 925 2915 scopum.

157 2920 240 2979 Nota
267 2918 304 2977 lt.
337 2919 371 2977 tn
402 2917 625 2995 propositione
656 2917 812 2979 asseritur
842 2917 952 2981 omnia
987 2919 1119 2997 agentia

117 2998 184 3060 sive
205 3013 306 3058 sensu
328 2996 489 3069 destituta,
512 2998 579 3058 sive
610 3010 711 3058 sensu
739 3001 772 3059 et
797 2997 967 3058 intellectu
987 2998 1118 3076 praediia

116 3092 217 3157 agere
237 3081 371 3154 propter
389 3076 501 3137 finem.

154 3158 329 3218 Probatur.
350 3159 458 3234 Agere
479 3158 615 3233 propter
633 3152 745 3231 finem,
767 3154 857 3219 idem
879 3160 930 3217 est
943 3172 982 3219 ao
996 3156 1120 3219 habere

115 3237 238 3315 aliquid
259 3253 324 3297 suae
345 3236 527 3313 operationi
547 3232 725 3311 prefixum,
755 3234 789 3297 in
811 3235 900 3314 quod
923 3236 1038 3300 tendat
1058 3239 1117 3299 im·

113 3321 212 3395 petus
231 3316 369 3396 agentis.
399 3317 499 3394 Atqui
531 3315 767 3394 cujuscumque
797 3316 928 3395 agentis
947 3321 1058 3379 motus
1078 3316 1121 3377 ad

115 3401 239 3458 eertum
262 3397 405 3475 aliquem
437 3397 590 3457 effectum
610 3393 725 3469 tendit,
757 3395 919 3473 siquidem
940 3412 1005 3459 non
1026 3394 1119 3457 indii-

113 3474 259 3537 ierenter
279 3492 316 3537 se
345 3476 445 3537 babet
461 3474 508 3537 ¹ad
527 3475 643 3548 multa,
675 3490 736 3535 seu
755 3489 824 3535 non
844 3492 960 3537 omnes
982 3476 1118 3538 effectus

114 3560 206 3696 suntfi
211 3556 242 3617 ei
261 3555 496 3618 indifferentes.
518 3556 603 3634 Ergo
625 3554 734 3617 omnia
755 3557 887 3627 arentia
907 3560 1011 3637 agunt
1023 3572 1121 3633 prop·

114 3639 165 3697 ter
207 3650 294 3697 nem.
