2650 4242
66 3377 69 3388 t

25 3541 26 3544 ,
37 3517 52 3544 “·;

58 3547 62 3558 Ι
95 3553 98 3560 ι

99 3577 103 3584 .

210 194 250 255 40
457 239 460 246 .
514 213 698 257 nnnvriruuu
718 209 916 256 rurtosorrniu

208 332 347 407 possent
367 327 482 389 differe
499 329 569 389 solu
591 328 757 405 qualitate.
785 329 865 390 Hine
888 333 1030 406 quatuor
1044 314 1230 409 exsurgunt

209 408 424 487 oppositionis
446 425 582 488 genera.

240 540 272 590 A.
290 516 378 590 Omnis
385 539 462 587 homo
472 542 511 587 est
515 539 609 602 justus.
619 539 841 619 ‘CONTRARIAE
855 541 888 590 E.
904 540 995 592 Nullus
1003 540 1079 590 homo
1089 540 1226 606 estjustns.

428 1133 449 1204 SU
428 780 449 1124 BALTERNAE

987 923 1009 1196 SUBALTE
987 880 1008 916 R
986 771 1008 873 NAE
1001 751 1009 764 ο

207 1341 234 1398 Ι.
252 1348 351 1416 Aliquis
363 1353 441 1401 homo
456 1357 494 1402 est
514 1353 606 1418 justus.
628 1349 914 1441 ‘SUBCONTRARIAE
931 1351 960 1400 0.
979 1347 1137 1476 (1ζὲὶὲιὸιῆ
1140 1349 1228 1460 affl)

253 1512 299 1571 lum
318 1515 532 1590 Principium.
561 1513 805 1591 Propositiones
817 1513 1073 1574 subalterne-At
1095 1511 1181 1572 —E
1203 1511 1229 1572 0

209 1597 350 1668 possunt
386 1610 459 1654 esse
481 1594 580 1654 si'mul
600 1611 684 1654 oerae
708 1599 737 1653 et
755 1593 853 1653 simut
876 1593 981 1667 sulse,
1011 1609 1086 1652 cunr
1110 1607 1228 1653 revera

209 1671 297 1731 inter
316 1674 375 1733 has
390 1674 480 1734 nullu
495 1673 536 1734 sit
551 1673 713 1751 oppositio
729 1673 863 1750 proprie
887 1672 985 1743 dictu,
1013 1673 1079 1734 imo
1095 1687 1163 1732 unu
1176 1672 1225 1732 in·

211 1751 362 1814 cludetur
387 1755 421 1816 in
443 1755 556 1826 ultera,
583 1754 708 1814 scilicet
722 1753 926 1829 particularis
954 1755 988 1815 in
1016 1751 1225 1813 universali:

209 1849 241 1893 v.
253 1850 317 1911 gr„
333 1835 438 1895 omnis
460 1835 557 1897 homo
574 1838 624 1894 est
641 1834 767 1913 justus;
786 1833 903 1909 unquis
921 1831 1020 1893 horno
1036 1838 1085 1893 est
1102 1833 1226 1912 justus.

251 1915 384 1974 Hinc'l⁰
405 1915 432 1974 si
446 1931 523 1978 veru
540 1919 590 1976 est
605 1914 808 1983 universalis,
825 1929 904 1973 veru
929 1913 990 1973 erit
1008 1913 1226 1988 particularis

211 2008 286 2069 quoe
302 1994 334 2052 in
346 1993 416 2069 ipsa
432 1997 628 2056 continetur.
646 1993 711 2055 Sed
733 1996 766 2055 2⁰
786 1991 869 2053 falsa
884 2008 957 2053 esse
973 1996 1083 2069 potest
1095 1994 1227 2055 univer-

211 2073 297 2143 salis,
322 2073 400 2150 quin
410 2075 614 2150 particularis
624 2075 666 2134 sit
679 2075 775 2153 lulsu;
793 2089 871 2133 narn
882 2072 924 2133 ed
946 2072 1009 2132 ulia
1023 2089 1059 2133 se
1076 2073 1229 2136 extendit

211 2147 380 2212 affirmatio
402 2154 604 2226 universalis,
620 2169 694 2230 quae
727 2171 795 2215 non
822 2153 1032 2213 continentur
1051 2153 1086 2213 in
1108 2159 1227 2215 exten-

210 2231 302 2293 sione
318 2233 532 2308 purticuleris
550 2234 587 2294 e'c
607 2232 746 2310 proinde
761 2237 793 2296 in
804 2233 875 2294 'hac
891 2237 1018 2293 tantum
1046 2239 1140 2310 parte
1155 2249 1225 2294 suae

211 2313 412 2374 extensionis
446 2318 557 2390 potest
586 2329 738 2389 peccare.
772 2313 894 2372 Verurn
925 2313 955 2373 3³
985 2315 1013 2373 si
1032 2311 1112 2375 false
1137 2319 1227 2376 esset

210 2391 425 2530 particularis,
460 2394 648 2454 necessario
676 2392 759 2453 falsa
786 2396 874 2453 esset
907 2392 1111 2460 universalis,
1149 2409 1225 2472 quae

224 2473 385 2532 alsitetem
400 2473 614 2549 particularis,
633 2489 734 2550 quarn
750 2475 907 2543 continet,
929 2475 1117 2533 necessario
1140 2474 1174 2534 in
1190 2490 1225 2535 se

209 2553 338 2629 recipit.
349 2552 380 2610 4⁰
392 2553 423 2612 Si
435 2553 569 2614 tandem
592 2571 669 2614 vera
687 2558 737 2614 est
751 2552 965 2628 pertitulans
983 2553 1063 2613 nihil
1077 2555 1226 2631 sequitur

212 2631 322 2708 quoad
343 2633 515 2694 veritatem
535 2633 589 2695 vel
602 2632 778 2694 falsitatem
787 2633 993 2694 universalis,

254 2713 265 2772 l
270 2714 316 2772 1⁰¹⁰
336 2714 549 2788 Principium.
573 2713 816 2789 Propositiones
829 2713 1084 2774 contradictoriis
1096 2713 1124 2772 A
1138 2710 1164 2772 O
1187 2746 1225 2756 —

210 2791 234 2852 E
257 2793 267 2852 Ι
289 2809 355 2854 non
369 2797 509 2870 possunt
525 2810 598 2854 esse
613 2794 711 2854 simul
730 2809 814 2853 ceree
826 2810 884 2854 uec
903 2791 1002 2852 simul
1023 2793 1127 2866 salse.
1143 2793 1225 2854 Nem

210 2869 354 2948 idipsum
370 2873 460 2949 quod
475 2871 653 2936 affirmatur
666 2873 699 2933 in
710 2890 787 2946 una,
799 2875 941 2957 negatur
955 2871 987 2931 in
999 2872 1113 2932 ultera.
1124 2872 1224 2934 Porro

211 2951 337 3028 aliquid
365 2967 432 3012 non
461 2953 683 3029 potestsinrul
710 2969 784 3014 esse
809 2956 842 3012 et
862 2967 930 3012 non
953 2967 1037 3012 esse.
1066 2954 1152 3030 Ergo
1186 2970 1224 3014 ex

211 3032 348 3101 veritate
358 3027 455 3094 unius
468 3033 742 3106 contradictoriae,
759 3030 896 3092 infertur
908 3030 1033 3092 falsitas
1044 3032 1180 3093 ulterius
1193 3037 1225 3094 et

209 3111 362 3173 uicissim.
379 3114 437 3174 Ex.
462 3133 468 3174 :
493 3128 608 3174 ornnes
623 3113 775 3174 homines
789 3117 867 3173 sunt
881 3113 1074 3186 rationales3
1093 3111 1225 3191 quidam

210 3191 361 3253 homines
375 3209 441 3253 non
455 3196 532 3253 sunt
552 3193 739 3253 rationales.

251 3272 327 3331 lllum
350 3274 561 3348 Principium.
578 3273 821 3349 propositiones
835 3272 1007 3333 contrariu·
1019 3271 1047 3330 A
1058 3272 1093 3344 lt,
1109 3275 1138 3332 l⁰
1152 3276 1225 3332 Pos-

210 3355 366 3413 successe
390 3353 489 3412 simul
502 3355 612 3426 sulse:
641 3353 718 3430 quia
743 3351 831 3413 inter
851 3352 941 3428 ipsas
962 3348 1058 3410 datur
1078 3352 1226 3414 medium

211 3430 302 3502 qued
315 3435 425 3508 potest
441 3448 514 3493 esse
539 3434 703 3494 exclusive
726 3448 871 3494 verum:
897 3448 929 3493 v.
960 3445 1025 3509 gr„
1054 3431 1140 3494 inter
1167 3434 1224 3495 hus

242 3551 275 3617 (1)
289 3551 389 3602 Asserit
402 3553 434 3614 A,
450 3557 527 3616 negat
540 3555 571 3614 Ε,
586 3567 675 3603 verum
689 3551 842 3617 generaliter
856 3552 943 3604 umbo.

272 3614 372 3665 Asserit
384 3615 404 3677 Ι,
419 3620 496 3680 negat
510 3614 541 3676 0,
556 3616 600 3664 sed
614 3614 803 3681 particulariter
816 3615 900 3665 umbo.
