2650 4242
508 241 625 286 noctem
645 240 719 284 rsus
740 245 760 286 t.
1090 223 1131 287 59

106 350 145 411 ni
157 351 334 426 obnoxium
344 354 433 432 atqui
441 356 569 416 animus
579 354 803 417 humanusest
812 356 963 433 spirltus;
976 371 1130 436 ergonon

104 434 162 495 εει
173 429 379 494 dissolutioni
394 435 593 497 obnoxius...
608 436 651 497 Ut
664 452 773 512 perse
784 440 888 514 patet,
902 436 1131 517 polysyllcgis·

104 526 185 571 mus
219 512 373 575 omnibus
400 513 532 593 legibus
566 516 751 594 syllogismi
785 517 940 594 simplicis
964 519 1128 597 suhjacet,

106 595 290 730 pfopterea
305 593 397 672 quod
409 610 478 658 non
494 599 545 657 est
558 595 648 657 aliud
663 601 764 674 atque
783 597 995 676 syllogismus
1017 599 1127 660 multi·

105 685 199 747 per.

95 763 99 769 '
151 750 201 812 86.
219 785 257 795 -
273 751 306 814 4⁰
323 755 370 814 De
394 755 511 816 Sorite.
545 755 668 818 Sorites
695 753 819 834 (graece
853 753 1009 837 σωρειτεςε
1025 757 1126 820 verbo

106 851 199 910 σωρος
213 831 387 911 cumulus),
403 850 465 896 seu
479 837 647 907 acervatis,
664 839 701 896 ut
716 840 926 911 nuncupatur
949 854 968 899 a
992 837 1124 899 Cicero·

107 923 166 981 ne,
184 912 236 972 est
245 914 487 990 argumentatio
503 914 651 992 pluribus
666 915 948 993 propositionibus
969 922 1125 979 constans

106 989 155 1048 ita
168 994 326 1054 connexis
346 997 383 1054 ut
397 993 589 1055 attributum
603 997 719 1072 primae
740 994 797 1056 fiat
812 995 999 1074 subjectum
1009 1012 1127 1058 secun·

108 1066 176 1140 dae,
194 1072 386 1134 attributum
408 1073 566 1136 secundae
591 1073 648 1136 fiat
670 1075 861 1154 subjecturi
885 1077 1003 1150 tertiae,
1030 1077 1127 1138 etsie
1182 1123 1187 1131 .

110 1147 285 1240 deinceps,
302 1153 411 1215 donec
425 1151 586 1216 formetur
601 1156 769 1217 conclusio
792 1155 827 1216 in
848 1172 913 1233 qua
938 1157 1128 1236 subjectum

105 1243 224 1302 pnmae
240 1233 473 1310 propositionis
488 1251 562 1294 cum
586 1235 766 1312 praedicato
791 1235 916 1296 ultimae
942 1238 1125 1314 copuletur.

103 1307 165 1368 Ex.
183 1326 190 1367 :
205 1310 341 1374 Animus
355 1313 520 1378 humanus
535 1317 586 1375 εει
596 1316 753 1393 simplem
770 1315 803 1378 id
819 1314 911 1393 quod
924 1321 976 1377 est
988 1318 1129 1394 simplex

105 1391 200 1450 caret
221 1394 384 1470 partibus;
409 1392 444 1455 id
468 1393 559 1470 quod
573 1409 641 1456 non
657 1396 816 1456 coalescit
830 1394 976 1472 partibus
993 1396 1126 1460 dissolri

103 1473 238 1545 nequis
253 1487 332 1552 ergo
349 1474 479 1534 animus
493 1475 658 1539 humanus
674 1473 807 1536 dissolvi
819 1477 945 1553 nequit.

145 1549 193 1614 Ex
206 1550 396 1614 definitione
412 1557 446 1613 et
462 1569 503 1615 ex
516 1556 685 1632 proposito
702 1555 855 1632 exemplo
871 1559 964 1631 patet
990 1557 1127 1618 sonitem

105 1643 184 1694 esse
198 1649 317 1709 reapse
330 1634 597 1712 syllogismorum
614 1651 784 1707 acervum;
801 1638 913 1712 potest
935 1638 1024 1698 enim
1042 1637 1127 1698 sori·

105 1711 160 1768 tes
180 1713 215 1774 in
230 1716 277 1773 tot
291 1711 501 1792 syllogismos
517 1714 630 1790 primae
650 1713 766 1794 figurae
782 1715 915 1787 resolvi,
943 1720 1024 1793 quot
1048 1721 1126 1778 sunt

104 1795 302 1864 praemissae,
321 1791 455 1870 dempta
465 1809 543 1854 una.

144 1873 223 1934 Haec
236 1869 341 1933 forma
353 1872 616 1952 argumentandi*
623 1873 738 1935 nititur
749 1873 814 1935 hoc
828 1873 988 1951 principio
1005 1873 1125 1949 :Quid-

106 1951 190 2024 quid
206 1951 393 2014 continetur
405 1953 438 2013 in
454 1952 529 2026 alie,
546 1953 708 2016 contineri
723 1953 824 2016 dehet
837 1954 872 2014 in
895 1953 936 2016 iis
958 1955 1124 2029 omnihus,

105 2041 185 2104 quae
199 2031 262 2093 hoc
274 2032 363 2094 aliud
378 2033 560 2094 includunt.

147 2113 285 2192 Regulae
300 2113 407 2174 soritis
423 2111 465 2174 ad
482 2112 563 2175 duas
578 2112 728 2175 revocari
742 2116 880 2191 possunt
897 2131 904 2172 ε

145 2192 197 2254 87.
214 2225 252 2236 -
268 2193 380 2268 1⁰Reti·
398 2193 467 2254 Nou
479 2196 580 2268 potest
595 2193 736 2268 conflari
747 2193 824 2254 solis
833 2194 1014 2268 premissis
1027 2210 1124 2270 nepu-

102 2272 189 2345 tiois,
203 2273 268 2332 imo
282 2271 368 2334 iuter
377 2276 565 2348 praemissas
580 2273 786 2348 affirmantes
797 2272 892 2332 uuita
905 2274 1125 2348 percurreret

102 2353 263 2426 reperiri:
273 2367 352 2422 nam
368 2351 467 2414 etiam
481 2353 516 2412 in
530 2351 592 2413 hac
607 2351 755 2414 secunda
770 2352 958 2431 hypothesi,
978 2353 1124 2414 resoluto

103 2431 219 2501 sorite,
234 2431 434 2497 haberemus
450 2431 593 2510 aliquem
609 2431 838 2512 syllogismum
854 2429 982 2493 duabus
998 2433 1124 2511 negati·

102 2509 154 2571 vis
170 2514 397 2580 constantem:
414 2512 502 2581 hinc,
520 2512 589 2573 sive
604 2513 723 2573 sorites
739 2511 932 2573 efformetur
946 2513 1046 2574 meris
1060 2527 1120 2573 ne·

103 2590 237 2670 geticis,
253 2591 322 2653 sive
336 2593 423 2653 inter
437 2589 637 2653 affirmantes
660 2592 788 2653 unicam
804 2593 970 2655 contineat
994 2607 1122 2670 negan-

105 2674 187 2742 tem,
203 2685 271 2732 non
285 2676 399 2748 posset
414 2671 492 2734 dare
509 2672 769 2744 conclusionem,
781 2671 876 2750 juxta
892 2674 951 2732 ΨΜ
973 2672 1124 2750 regulam

104 2749 300 2828 syllogismi.
316 2751 441 2813 'lamen
454 2751 570 2814 ultima
585 2751 886 2829 propositioposset
897 2767 971 2813 esse
980 2768 1120 2832 negans,

106 2846 174 2907 quo
191 2846 270 2891 casu
285 2832 401 2907 etipsa
413 2832 582 2894 conclusio
599 2836 689 2894 esset
702 2847 841 2909 negans.

148 2910 186 2970 tl·
211 2911 289 2986 ch.
321 2909 421 2972 Nullo
450 2915 622 2988 premissa
650 2913 685 2972 in
716 2912 815 2972 sorite
835 2913 876 2973 sit
892 2911 1122 2988 particularis,

104 2988 181 3064 (nisi
193 2986 279 3050 forte
300 2990 416 3067 prima,
443 2996 477 3052 et
501 2997 578 3052 tunc
608 2990 773 3052 conclusio
804 2993 866 3053 erit
892 2990 1121 3068 particularis).

101 3067 233 3130 Etenim
249 3085 324 3130 oum
339 3071 456 3132 sorites
471 3072 505 3132 in
515 3071 727 3151 syllogismos
745 3071 979 3142 resolveretur,
1004 3070 1124 3147 aliquis

104 3147 312 3210 inveniretur
320 3149 531 3231 syllogismus
546 3152 578 3213 in
593 3147 660 3230 quo
675 3149 806 3210 medius
820 3150 870 3211 bis
885 3151 1125 3227 particulariter

104 3234 305 3303 sumeretur,
323 3229 413 3308 quod
429 3235 479 3292 est
494 3236 607 3292 contra
636 3232 709 3292 lVlm
723 3230 884 3309 regulam.

146 3309 272 3370 Praeter
285 3311 345 3371 has
365 3311 510 3390 regulas.
529 3327 596 3372 non
613 3309 734 3372 dantur
756 3310 829 3371 aliae
854 3327 925 3389 quae
951 3309 1017 3372 sint
1040 3325 1119 3387 spe·

103 3386 221 3464 ciales;
238 3405 315 3451 nam
331 3389 463 3464 quando
482 3388 597 3452 dicunt
611 3391 712 3471 logici
727 3389 862 3450 soritem
876 3392 1123 3467 propositiones

102 3463 204 3530 falsas
217 3474 272 3530 aut
288 3470 472 3549 ambiguas,
489 3475 524 3532 et
534 3487 669 3532 omnem
684 3469 903 3531 terminorum
916 3468 1120 3531 immutatio·

101 3563 183 3690 ffim
198 3549 374 3626 repellere,
391 3550 470 3612 dant
488 3551 639 3630 regulam
662 3549 816 3612 omnihus
838 3547 951 3612 formis
974 3551 1119 3629 applica·

126 3642 217 3689 rem.
