2650 4242
668 337 1067 384 METAPHYSJCA
1108 340 1273 398 cmv„
1318 340 1428 387 sno
1469 338 1824 386 oN'ronociA.
2154 321 2260 383 181

307 454 694 531 Appellatur
758 453 1376 529 transcendentaliS,
1419 451 1595 536 'quia
1654 457 1752 522 ita
1819 453 2268 531 reciprocatur

232 549 384 596 cum
413 539 588 620 ente,
632 538 707 595 ut
746 534 941 619 simul
968 549 1117 596 cum
1140 535 1285 612 ipso
1310 536 1732 600 transcendat
1787 537 2007 599 omnia
2047 550 2274 597 rerum

231 629 507 693 genera.

302 691 611 756 Secunda
654 697 757 755 est
785 707 913 769 qua
954 691 1364 756 individuum
1394 700 1496 758 est
1521 697 1880 759 intrinsece
1918 693 2273 756 indivisum

229 770 297 830 in
327 775 514 851 plura
534 770 866 846 inferiora,
899 788 1021 834 seu
1049 774 1291 849 multiS,
1327 779 1647 853 tanquam
1666 775 2109 849 inferioribus,
2132 789 2272 835 non

232 858 336 914 est
380 853 932 916 communicatum
985 872 1000 913 ε
1047 854 1197 915 binc
1237 855 1416 915 omni
1458 862 1526 918 et
1573 856 1700 918 soli
1746 859 1996 919 naturae
2041 851 2270 916 indivi-

231 928 413 994 duali
442 933 763 1010 congruit.
809 931 1074 1008 Proprie
1117 933 1318 1013 igitur
1348 939 1451 997 est
1477 935 1620 1013 ipsa
1637 936 1746 1004 ,rei
1775 933 2062 1013 alicujus
2105 933 2269 994 enti-

231 1015 336 1074 tas
351 1027 504 1073 cum
522 1012 879 1092 negatione
905 1014 1582 1077 communicabilitatis
1597 1015 1680 1078 ad
1709 1016 1901 1092 plura
1929 1013 2263 1075 inferiora.
2316 1062 2323 1075 ,

311 1093 531 1154 Tertia
559 1097 658 1154 est
684 1091 982 1153 indivisio
1016 1093 1311 1154 essentiae
1339 1096 1408 1157 in
1437 1111 1510 1156 se
1544 1097 1997 1168 consideratas,
2022 1108 2267 1170 nempe

231 1171 540 1234 indivisio
571 1173 665 1234 rei
682 1172 750 1233 in
778 1172 999 1248 plures
1031 1173 1351 1234 essentias
1381 1175 1759 1237 dissimiles
2084 1177 2086 1180 ’

312 1252 415 1313 Ad
442 1252 760 1314 unitatem
786 1249 1119 1313 formalem
1163 1252 1392 1316 reduci
1421 1259 1641 1333 potest
1673 1255 1891 1317 unitas
1928 1253 2268 1314 universa-

234 1330 318 1393 tis
345 1347 471 1393 seu
511 1330 800 1404 rationiS,
837 1347 976 1409 quae
1016 1334 1329 1408 competit
1372 1338 1618 1397 naturae
1663 1335 1941 1412 praecisae
1971 1349 2008 1394 a
2037 1331 2265 1410 singu-

229 1411 503 1485 laribus,
551 1415 619 1471 et
646 1427 767 1488 per
792 1409 1064 1474 modum
1088 1413 1283 1472 unius
1326 1412 1413 1474 ad
1443 1430 1523 1476 ea
1581 1417 1990 1492 comparatae.
2022 1411 2270 1474 Dicitur

230 1491 455 1553 unitas
507 1492 802 1564 rationis,
836 1491 983 1574 quia
1030 1496 1213 1554 extra
1254 1497 1583 1567 mentem,
1629 1494 1893 1556 scilicet.
1927 1493 1997 1554 in
2036 1492 2261 1561 rebuS,

233 1585 373 1633 non
412 1571 763 1633 invenitur.

734 1706 772 1769 ἓ
798 1703 840 1758 Ι.
873 1703 957 1759 De
984 1701 1215 1759 unitate
1240 1703 1767 1761 transcendentali.

1084 1825 1125 1874 Ι.
1154 1825 1232 1875 De
1261 1823 1478 1876 unitate.

320 1951 462 2014 303.
493 1984 573 1995 —
600 1949 823 2013 Unitas
854 1951 1436 2014 transcendentalis
1460 1953 1754 2016 diversos
1771 1953 1976 2015 habet
1993 1950 2265 2034 gradus,

240 2047 365 2109 pro
394 2029 647 2093 ratione
679 2046 808 2108 qua
838 2045 958 2091 ens
990 2028 1373 2093 divisionem
1403 2050 1440 2094 a
1470 2049 1544 2096 se
1573 2037 1870 2095 removet
1904 2053 1918 2094 :
1971 2107 1975 2111 ,

326 2113 385 2174 1ο
430 2111 541 2173 Est
585 2111 804 2172 unitas
852 2109 1356 2187 perfectissima,
1408 2129 1530 2175 seu
1577 2112 2078 2180 indivisibilitas,
2140 2125 2271 2191 qua

240 2188 548 2251 fruuntur
576 2192 774 2273 entia,
807 2205 948 2267 quae
976 2206 1102 2252 nec
1125 2196 1278 2252 actu
1299 2191 1504 2254 divisa
1533 2197 1709 2267 sunt,
1741 2209 1869 2255 nec
1899 2190 2097 2255 dividi
2119 2205 2270 2268 pos-

240 2274 421 2344 sunt,
454 2273 529 2331 ut
553 2271 776 2332 omnia
806 2269 980 2332 entia
1007 2270 1347 2347 simplicia.

316 2351 383 2411 2⁰
410 2350 633 2413 Unitas
661 2351 1154 2425 compositionis,
1188 2366 1331 2427 quae
1356 2348 1579 2427 prodit
1606 2365 1689 2412 ex
1721 2366 1802 2412 eo
1848 2349 2031 2428 quod
2051 2350 2264 2429 plura,

239 2428 415 2490 inter
441 2445 516 2490 se
560 2429 780 2506 aliquo
807 2428 1007 2492 modo
1054 2427 1332 2503 diversa,
1366 2447 1404 2491 a
1431 2434 1690 2501 natura,
1750 2433 1892 2494 arte
1947 2431 2058 2493 vel
2112 2447 2272 2493 casu

238 2509 492 2570 habent
518 2513 593 2569 ut
619 2509 1083 2581 sintunum;v.
1128 2524 1224 2588 g.,
1260 2526 1494 2588 corpus
1532 2509 1828 2587 partibus
1858 2511 2264 2572 coalescens,

242 2587 690 2650 subdividitur
730 2587 801 2648 in
852 2590 1339 2665 hypostaticam,
1394 2590 1728 2665 physicam
1797 2594 1864 2651 et
1917 2590 2264 2661 moralem,

242 2674 438 2744 prout
455 2667 618 2729 illud
638 2684 837 2730 unum
866 2667 1043 2744 quod
1071 2669 1346 2730 resultat
1368 2685 1451 2730 ex
1477 2671 1773 2746 partibus
1817 2669 2120 2745 diversis,
2169 2674 2272 2732 est

238 2764 545 2824 persona,
579 2753 816 2808 natura
860 2747 967 2808 vel
1012 2748 1281 2827 quidam
1302 2751 1484 2810 ordo.
1512 2749 1640 2810 Prae
1668 2750 1922 2812 ratione
1955 2765 2086 2826 qua
2113 2765 2266 2826 par-

243 2831 347 2889 tes
376 2826 462 2889 ad
488 2827 775 2888 invicem·
788 2827 1173 2890 ordinantur
1200 2827 1637 2890 subdividitur
1666 2829 1861 2890 etiam
1892 2828 1959 2889 in
1987 2832 2264 2891 natura-

246 2906 823 2980 lem‚artistcialem
858 2910 925 2968 et
951 2909 1437 2984 aqqreyationis
1463 2927 1485 2968 .·

329 2988 387 3048 1⁰
417 2987 639 3049 Unitas
671 3002 812 3064 quae
854 2990 1109 3061 constat
1140 3003 1222 3047 ex
1264 2985 1611 3047 elementis
1642 2985 1784 3064 quae
1821 3002 1860 3047 a
1888 2990 2126 3049 natura
2155 2986 2268 3048 ha·-

241 3065 409 3126 bent
434 3070 515 3205 ml
529 3066 660 3127 sint
691 3081 922 3140 unum,
954 3066 1168 3144 qualia
1192 3070 1346 3127 sunt
1371 3066 1644 3128 materia
1677 3070 1746 3128 et
1769 3064 2006 3142 forma,
2033 3067 2272 3130 dicitur

240 3149 487 3206 natura
516 3147 594 3206 is.

321 3226 388 3286 2⁰
417 3225 637 3286 Unitas
680 3223 1047 3300 artificialis
1077 3228 1331 3306 constat
1361 3240 1444 3287 ex
1467 3223 1546 3288 iis
1577 3239 1720 3303 quae
1747 3240 1883 3287 non
1938 3240 1977 3287 a
2036 3229 2274 3286 natura

241 3301 369 3365 sed
412 3304 493 3366 ab
524 3309 664 3366 arte
692 3305 940 3366 habent
966 3309 1040 3366 ut
1067 3303 1199 3366 sint
1224 3320 1464 3378 unum3
1507 3319 1570 3366 v.
1601 3319 1671 3383 g.
1707 3301 1965 3379 domuS,
2009 3304 2271 3366 horolo-

294 3384 461 3456 ium‚
495 3389 621 3446 etc.
1047 3434 1051 3439 .

241 3399 292 3464 g
326 3465 390 3526 3Ο
417 3465 637 3527 Unitas
667 3465 1159 3541 ayqreqationis,
1197 3479 1338 3540 quae
1380 3463 1586 3524 oritur
1615 3477 1698 3524 ex
1727 3477 1806 3523 eo
1838 3461 2021 3540 quod
2051 3462 2270 3540 plura,

241 3558 385 3604 non
412 3559 449 3604 a
478 3548 733 3614 natura,
765 3559 987 3620 neque
1027 3543 1109 3604 ab
1141 3548 1305 3612 arte,
1338 3541 1460 3604 sed
1489 3557 1527 3602 a
1561 3557 1718 3604 casu
1743 3540 1994 3605 habent
2018 3546 2090 3604 ut
2141 3541 2274 3603 sint

242 3638 480 3694 unum,
547 3622 700 3700 quia
756 3621 1006 3685 scilicet
1083 3623 1392 3702 contigua
1466 3625 1654 3696 sunt3
1716 3639 1779 3684 v.
1830 3637 1901 3700 g.
1967 3619 2270 3700 tapidum

250 3717 555 3765 acervus».
