2650 4242
75 315 82 330 .
182 273 203 336 2
275 309 277 317 ‹
489 291 669 338 enrvnnrun
690 292 892 341 cariosorum

181 404 351 489 principiis
365 407 682 484 supernaturalibus,
695 423 749 468 res
765 413 971 486 contueatur,
984 409 1065 470 dum
1074 411 1205 486 sapien·

186 489 231 550 tia
245 487 414 560 naturalis
431 503 553 564 nempe
568 487 785 566 Philosophia,
803 491 950 552 terminis
966 489 1090 552 ordinis
1104 493 1203 550 natu·

185 566 262 630 ralis
279 567 574 632 circumscribatur.
596 573 598 580 ’

226 647 255 708 3.
273 646 519 724 —Philosophia
536 662 615 725 ergo
633 645 760 706 definiri
775 652 886 724 potest
910 650 1078 710 :scientia
1090 663 1206 709 rerum

105 737 106 741 ’
188 728 333 790 omicicm
343 741 406 801 per
419 728 551 787 citiores
565 743 681 786 causus
694 729 818 789 ordchis
832 730 1006 790 naturalis.

227 805 435 882 Philosophia
451 806 569 867 dicitur
596 825 602 866 :
631 809 660 867 1ο
676 809 819 867 Sciehiio
833 824 944 869 rerum
959 809 1120 880 omoium;
1132 805 1203 885 agi·

191 892 243 947 tur
258 885 346 944 enirn
361 885 402 944 de
416 886 516 946 rebus
533 887 698 958 omnibus
713 902 835 962 nempe
862 887 904 948 de
928 886 1065 959 mundo,
1084 885 1126 947 de
1141 887 1203 948 bo·

184 965 290 1039 mine,
308 963 351 1025 de
374 965 454 1026 Deo.
481 967 728 1037 Verumtamen,
744 966 949 1044 Philosophia
966 982 1031 1029 non
1057 967 1208 1028 consistit

189 1045 223 1105 in
246 1045 392 1122 qualibet
418 1047 605 1121 cognitione
630 1047 777 1105 omnium
800 1063 923 1120 rerum,
948 1049 1013 1108 imo
1037 1061 1149 1122 neque
1169 1046 1205 1106 in

191 1125 337 1202 qualibet
353 1125 541 1202 cognitione
556 1125 741 1199 scientifico,
753 1142 814 1186 seu
825 1143 888 1203 per
903 1142 1028 1198 causas
1041 1125 1101 1185 sed
1115 1128 1149 1186 in
1164 1141 1206 1185 ea

193 1219 268 1282 quae
284 1205 478 1280 aequiritur3
497 1207 528 1264 20
539 1220 600 1280 per
614 1204 746 1264 citiores
766 1223 892 1277 censos,
905 1206 939 1266 id
955 1210 1006 1267 est
1019 1221 1081 1283 per
1090 1206 1206 1266 altiora

84 1329 88 1336 .
190 1284 382 1363 principia:
410 1284 557 1344 scientiae
583 1284 761 1356 naturales
782 1301 801 1345 a
825 1286 1030 1362 Philosophia
1054 1285 1204 1358 diversae,

190 1362 353 1424 mundum
368 1364 581 1425 etlrominem
606 1380 664 1439 pro
681 1364 814 1442 objecto
838 1366 974 1435 habent,
996 1365 1058 1426 sed
1083 1381 1122 1425 ea
1136 1380 1205 1426 non

189 1447 439 1522 perscrutantur
451 1443 484 1502 in
500 1444 669 1506 altioribus
685 1444 802 1517 causis
819 1461 880 1505 seu
894 1448 928 1506 in
942 1445 1206 1507 rationibusulti-

190 1523 263 1594 mis‚
283 1538 398 1583 verum
421 1522 455 1581 in
480 1524 634 1597 proximis
655 1527 792 1584 tantum.
814 1525 892 1585 Hinc
909 1525 1207 1587 discriminantura

189 1603 408 1678 Philosophia,
421 1616 496 1679 quae
521 1603 554 1663 in
577 1605 723 1664 rationes
747 1606 894 1665 omnium
907 1621 1019 1665 rerum
1033 1604 1207 1665 altissimas

190 1681 437 1760 investigandas
451 1682 621 1744 incumbit.

229 1762 298 1823 Alia
315 1777 356 1822 ex
369 1765 474 1838 parte,
492 1763 639 1822 scientiae
656 1764 924 1838 supernaturales
938 1781 1002 1825 suo
1016 1765 1115 1826 etiam
1133 1779 1205 1824 mo-

192 1841 234 1902 do
259 1841 445 1915 disceptant
461 1841 502 1900 de
517 1841 662 1914 homine,
680 1841 722 1902 de
739 1843 913 1913 mundo,et
924 1843 1134 1920 potissimum
1159 1841 1203 1903 de

190 1923 276 1996 Deo;
295 1921 355 1980 sed
366 1920 447 1981 illud
463 1921 581 1996 triplex
595 1922 764 2000 objectum
779 1923 959 2000 respiciunt
970 1926 1003 1984 in
1018 1923 1142 1984 lumine
1154 1939 1207 1982 su-

191 2000 401 2079 pernaturali.
432 2001 463 2060 3⁰
485 2001 564 2060 Hinc
592 2017 652 2076 per
677 2002 807 2062 tertiam
834 2009 963 2078 partem
982 2001 1206 2064 definitionis:

140 2087 141 2094 ’
192 2082 315 2154 ordinis
328 2079 501 2152 trituratis,
517 2080 725 2157 Philosophia
746 2080 958 2161 distinguitur
972 2099 991 2144 a
1004 2083 1184 2160 Theologia
1198 2101 1206 2142 :

190 2161 246 2221 illa
262 2160 349 2220 enim
365 2162 483 2220 tractat
499 2159 541 2220 de
557 2162 664 2222 causis
679 2161 860 2236 altioribus
876 2162 938 2224 sed
952 2163 1036 2224 intra
1048 2163 1209 2224 ambitum

191 2240 292 2301 solius
307 2238 430 2300 ordinis
442 2239 608 2302 naturalis.

232 2325 306 2382 Cor.
322 2320 407 2396 Ergo
432 2335 451 2378 a
475 2336 576 2380 sensu
602 2322 768 2382 communi
787 2321 986 2397 sapientium
1001 2320 1161 2383 dissident
1176 2320 1212 2381 et

190 2400 268 2459 vitio
286 2397 429 2459 evidenti
444 2398 593 2461 laborant
609 2398 816 2464 definitiones
828 2406 1020 2477 sequentes,
1032 2409 1102 2461 tum
1112 2402 1209 2462 ratio-

191 2480 379 2540 nalistarum
400 2497 406 2537 :
424 2477 630 2552 Philosophia
645 2486 689 2539 est
699 2480 833 2540 scientie
847 2482 1061 2554 capitationis
1073 2499 1129 2542 scu
1141 2483 1217 2542 arti-i

191 2561 240 2620 cti
252 2558 430 2632 cogitantis,
444 2559 514 2616 tum
529 2557 781 2636 ontologorum:
798 2559 1006 2634 Philosophia
1020 2564 1064 2619 est
1077 2561 1212 2655 scicntip

193 2639 273 2698 eritis
287 2636 436 2707 obsoleti,
452 2636 506 2696 vel
520 2637 694 2698 veritatum
708 2639 944 2711 absolutarum,
960 2644 995 2698 ut
1009 2638 1137 2702 talium.
1204 2647 1207 2651 ’

234 2717 266 2776 4ο
283 2715 366 2790 Quid
382 2717 423 2776 sit
435 2714 640 2791 Philosophia
654 2716 1211 2796 scholastico?Philosophi‘possunt

193 2795 310 2874 triplici
323 2793 422 2855 modo
438 2794 595 2873 progredi
610 2796 642 2856 in
663 2795 874 2874 inquisitione
898 2799 1069 2874 sapientiae
1087 2819 1094 2858 :
1115 2802 1143 2861 l⁰
1157 2797 1210 2860 Sic

191 2879 229 2936 ut
239 2878 365 2951 pertitus
380 2873 599 2954 excludantur
613 2877 773 2952 principia
791 2877 949 2949 revelata,
964 2878 1033 2938 sive
1050 2881 1211 2955 tanquam

190 2954 360 3032 figmenta,
378 2955 445 3016 sive
461 2958 619 3032 tanquam
633 2955 759 3018 inutilia
784 2961 841 3017 aut
862 2956 1077 3034 impedientia
1102 2977 1109 3018 ε
1129 2956 1211 3018 inde

194 3033 399 3110 Philosophia
412 3035 660 3107 rationaiistice‚
676 3051 750 3113 quae
763 3035 913 3097 ordinem
923 3039 1211 3114 supernaturalem

190 3131 257 3176 non
272 3110 425 3185 admittit,
438 3117 470 3176 et
484 3113 560 3176 ideo
580 3115 728 3176 ultimam
747 3121 877 3194 partem
894 3122 995 3179 rectae
1012 3116 1213 3198 delinitipnis

191 3193 308 3272 rejicit.
325 3194 358 3254 2ο
372 3195 425 3255 Sic
439 3197 476 3254 ut
490 3195 836 3272 principiarationalia
851 3213 927 3258 cum
940 3198 1107 3275 principiis
1118 3212 1211 3258 reve-

190 3274 264 3335 latis
278 3274 323 3335 ita
339 3271 594 3347 confundantur,
610 3279 647 3335 ut
661 3275 732 3351 ipsa
747 3277 903 3339 revelatio
919 3277 1010 3338 initia
1023 3275 1212 3338 necessaria

192 3353 383 3432 suppeditet
400 3373 407 3416 ε
424 3355 458 3414 in
472 3355 560 3414 huno
576 3370 752 3415 excessum
766 3357 956 3433 oppositum
970 3357 1114 3434 prolapsi
1134 3360 1212 3418 sunt

194 3434 466 3497 Traditioociistae
480 3435 692 3495 recentiores
709 3436 852 3496 Demum
876 3437 907 3497 3⁰
931 3437 978 3496 sic
1002 3441 1038 3497 ut
1051 3436 1210 3513 principia

191 3514 364 3576 rationalia
379 3511 590 3574 conferantur
604 3513 720 3575 sedulo
737 3531 812 3575 cum
822 3516 986 3586 revelatis
1003 3517 1119 3594 eisque
1135 3520 1211 3577 tan-

192 3609 290 3674 quam
305 3607 431 3654 normae
451 3596 612 3668 superiori
633 3599 668 3655 et
684 3595 887 3661 ,extrinsecae
903 3595 1146 3674 subjiciantur}
1164 3596 1210 3656 ita

190 3671 419 3752 procedebant
432 3671 501 3736 sive
515 3673 627 3767 Patres
641 3675 808 3749 Ecclesiae,
825 3675 894 3738 sive
908 3677 1068 3738 Doctores
1086 3674 1207 3739 mediae
