2650 4242
18 3747 35 3766 ἵ..

25 3781 40 3795 ,ἱ-
51 3783 58 3793 0

26 3794 46 3830 ,Ι
67 3794 71 3800 1

85 3808 95 3815 ,.
109 3808 113 3811 .

147 311 150 315 -
242 268 303 329 abb
550 282 729 327 saeviamus
750 282 952 327 ruinosormn

242 397 390 459 dimanat
405 414 446 457 ex
461 397 545 457 thesi
570 416 577 457 :
594 412 672 457 nam
688 395 870 468 diversitas,
888 397 921 457 in
937 412 1003 473 qua
1023 393 1184 456 fundatur
1200 395 1259 456 dis-

239 480 364 549 tinctio,
382 482 491 554 potest
505 476 621 553 utique
637 475 776 555 intelligi
796 496 802 537 :
819 479 847 536 l⁰
862 477 904 537 de
922 476 1121 538 discretione
1134 476 1259 536 realita-

243 558 283 618 tis
306 555 562 617 substantialisa
587 556 738 616 realitate
768 555 948 617 accidentis
977 560 1011 616 et
1037 556 1105 615 baec
1129 556 1259 616 realitas

240 636 420 697 accidentis
441 651 507 697 non
522 635 601 695 dicit
624 636 839 712 negationem
865 635 1017 714 subjecti,
1043 634 1106 695 sed
1136 640 1259 696 tantum

241 717 457 795 negationem
484 715 585 776 nihili.
616 715 683 775 Sed
707 717 739 775 20
766 730 841 774 cum
864 720 1046 792 conceptus
1075 716 1259 776 essentialis

242 794 422 857 accidentis
435 793 522 855 dicat
536 795 721 855 realitatern
734 794 932 855 existentem
950 797 983 854 tlt
999 795 1078 865 otte,
1093 794 1260 855 videretur

243 876 394 936 absolute
417 890 606 953 repugnare
622 872 712 951 quod
728 873 938 947 accidenssit
953 874 1024 934 sine
1039 874 1196 953 subjecto
1212 878 1259 934 cui

242 955 408 1026 inherent,
444 972 483 1015 ac
505 952 643 1030 proinde
670 952 760 1030 quod
779 955 1003 1030 separabilitas
1019 954 1211 1014 substantiae
1229 959 1259 1013 et

243 1034 423 1095 accidentis
434 1035 475 1093 sit
489 1038 614 1093 mutua.
632 1034 866 1093 Verumtamen
881 1036 1055 1093 existentia
1071 1033 1258 1094 substantie

243 1130 311 1174 non
328 1118 378 1174 est
391 1116 462 1189 ipsa
477 1115 650 1173 existentia
664 1112 856 1185 accidentis,
881 1119 915 1173 et
941 1112 1017 1173 ideo
1047 1129 1116 1173 non
1130 1112 1259 1175 videtur

243 1194 470 1271 metaphysica
490 1208 677 1269 repugnare
693 1198 731 1253 ut
749 1192 904 1253 accidens
920 1192 1038 1253 existat
1053 1209 1114 1253 sua
1129 1194 1258 1271 propria

245 1274 420 1334 existentia
433 1272 497 1332 :sic
514 1273 601 1334 enim
611 1274 876 1347 potestexistere
894 1275 973 1349 quin
995 1272 1114 1334 existat
1134 1289 1196 1349 per
1215 1288 1256 1342 se,

244 1368 306 1413 seu
327 1352 456 1413 desinat
471 1368 544 1411 esse
560 1351 732 1422 accidens;
750 1351 870 1413 sufficit
884 1357 921 1412 ut
943 1352 1086 1413 retineat
1115 1352 1257 1413 inbaesio-

242 1448 321 1493 nem
335 1431 598 1507 aptitudinalem
617 1432 659 1491 ad
673 1433 736 1491 boc
750 1437 787 1491 ut
801 1432 882 1492 ratio
900 1432 1080 1493 accidentis
1095 1448 1164 1492 non
1185 1448 1256 1492 eva-

242 1516 368 1571 nescat.
387 1512 596 1587 Quapropter
609 1527 676 1571 non
691 1515 803 1587 potest
817 1528 854 1571 ex
872 1512 1037 1589 principiis
1052 1528 1147 1572 mere
1165 1514 1258 1573 ratio-

243 1592 372 1651 nalibus
396 1593 535 1666 positive
565 1590 796 1661 demonstrari,
830 1592 949 1651 saltem
979 1591 1258 1651 demonstratione

243 1672 341 1743 ptcoe
356 1672 503 1741 eotdcott',
515 1670 698 1729 accidentia
711 1671 764 1731 illa
780 1678 853 1730 esse
866 1670 986 1759 aliquid
1001 1673 1157 1741 entitatls
1172 1671 1259 1747 quod

246 1748 420 1810 deficiente
444 1749 626 1809 substantia
646 1756 761 1825 posset
788 1766 934 1811 manere.
965 1751 1030 1813 Sed
1060 1753 1259 1811 contrarium

244 1830 470 1891 multominus
498 1834 612 1906 posset
641 1829 813 1889 evidenter
837 1830 1068 1895 demonstrari.
1100 1830 1137 1891 ld
1166 1831 1258 1891 unice

245 1912 360 1985 posset
375 1908 479 1969 evinci
495 1907 595 1985 quod,
611 1911 725 1981 positis
739 1908 862 1985 tepidos
873 1916 1007 1985 natura,
1022 1910 1180 1971 accidens
1195 1925 1258 1971 non

245 1992 355 2065 potest
371 2004 444 2049 esse
459 1989 530 2047 sine
546 1989 709 2066 subjecto.
726 1992 775 2050 An
791 2006 832 2049 ex
842 1992 1009 2068 principiis
1019 1988 1098 2051 fidei
1113 1989 1260 2066 idpossit

246 2068 389 2145 probari,
406 2067 628 2147 inTheologia
644 2067 818 2129 videbitur.

425 2225 462 2275 De
476 2222 650 2273 accidentibus
662 2190 784 2273 absolutis
797 2240 813 2276 a
825 2224 937 2289 subjecto
951 2224 1081 2289 separatis.

286 2384 359 2447 356.
379 2417 418 2426 -
429 2380 617 2444 Scholastici
632 2382 815 2444 accidentia
827 2384 1018 2446 dividebant
1028 2386 1062 2446 in
1072 2385 1217 2448 modalia
1232 2393 1261 2447 et

247 2466 408 2527 absoluta.
432 2463 579 2525 Modott'c
595 2478 635 2522 ea
649 2470 725 2524 sunt
740 2480 809 2541 quae
825 2481 892 2526 non
906 2468 1047 2542 possunt
1074 2482 1142 2527 non
1161 2466 1257 2527 inbae-

246 2561 321 2605 rere
351 2543 500 2621 subjecto
528 2541 705 2602 inhaesione
734 2546 865 2615 actuali,
904 2549 936 2605 et
963 2543 1043 2605 nihil
1071 2544 1160 2606 aliud
1189 2552 1260 2606 sunt

249 2638 348 2703 quam
363 2629 464 2684 status
479 2620 818 2683 essendi‘substantiae
843 2624 896 2684 vel
917 2623 1140 2685 accidentium
1162 2626 1258 2687 abso·

247 2707 410 2776 lutorurn;
427 2704 544 2761 modus
558 2702 647 2761 enim
662 2706 714 2761 est
727 2717 781 2761 res
796 2704 867 2778 ipsa
884 2706 992 2764 taliter
1011 2709 1173 2781 spectata,
1204 2721 1260 2780 seu

248 2801 301 2845 res
318 2786 478 2859 concepta
495 2782 556 2841 sub
571 2796 638 2841 una
666 2783 806 2854 ratione,
838 2788 1027 2859 comparata
1055 2800 1170 2845 secum
1192 2787 1260 2862 ipsa

249 2866 347 2942 prout
359 2863 419 2922 sub
436 2862 640 2921 alteratione
665 2863 861 2936 concipitur;
879 2862 1024 2939 ideoque
1039 2863 1129 2924 modi
1145 2864 1260 2924 diuersi

175 2964 178 2967 ⁴
250 2947 327 3003 sunt
342 2940 477 3004 diversa
494 2939 788 3001 determinationes
802 2942 943 3019 subjecti
971 2940 1014 3003 ad
1041 2941 1108 3003 haee
1138 2942 1262 3007 diversa

249 3021 478 3083 indifferentis.
494 3018 582 3080 Modi
606 3024 683 3079 sunt
710 3022 936 3095 substantiales
959 3023 1013 3082 vel
1040 3023 1259 3097 occidentales,

248 3106 346 3178 prout
360 3101 518 3162 inherent
532 3098 724 3159 immediate
740 3100 927 3162 substantiae
942 3102 996 3162 vel
1010 3101 1187 3176 accidenti,
1202 3120 1259 3180 pu·

250 3186 294 3253 ta,
312 3182 485 3257 quantitati
500 3177 552 3241 vel
564 3176 721 3253 qualitati.

273 3329 275 3336 ¹
289 3261 452 3327 Absoluta,
470 3274 509 3319 ea
522 3262 599 3317 sunt
615 3273 685 3333 quae
695 3274 757 3333 per
771 3256 913 3318 divinam
926 3259 1077 3320 virtutem
1095 3276 1261 3323 conserva-

248 3341 277 3401 ri
290 3342 431 3416 possunt
444 3337 626 3416 a-subjecto
642 3339 805 3413 separata,
822 3352 860 3399 ac
875 3337 1014 3413 proinde
1029 3345 1108 3401 tunc
1121 3340 1262 3401 inhaesio·

251 3433 330 3481 nem
345 3417 590 3494 aptitadt'ootem
612 3416 808 3478 tantumodo
824 3421 957 3478 servant
974 3464 980 3487 ‚
993 3434 1061 3480 non
1076 3421 1239 3491 actualem
1254 3440 1260 3479 :

254 3499 408 3561 dicuntur
422 3496 572 3557 absoluta
595 3500 667 3555 tum
692 3512 733 3558 ex
761 3512 800 3557 eo
822 3495 912 3573 quod
941 3498 1086 3573 separari
1113 3498 1259 3575 possunt,

253 3585 324 3640 tum
338 3576 528 3654 praesertim,
546 3575 622 3651 quia
641 3579 719 3635 sunt
734 3592 786 3635 res
802 3576 951 3652 quadam
975 3576 1128 3639 distincta
1149 3596 1167 3639 a
1186 3581 1259 3641 sub·

253 3658 374 3721 stantia
386 3655 438 3717 cui
458 3654 604 3729 inbaeret,
626 3654 706 3715 dum
720 3653 874 3715 accidens
889 3656 1021 3719 modale
1043 3662 1094 3719 est
1117 3658 1262 3737 quaedam
