2650 4242
470 270 586 314 tonica
605 271 678 315 rans
700 272 730 316 u.
1058 256 1111 317 153

134 385 221 446 Hinc
238 400 329 445 error
350 381 478 444 definiri
497 386 605 460 potest
631 400 639 440 ε
663 385 778 447 Mentis
801 399 958 455 assensus,
981 399 1043 459 quo
1064 384 1115 444 vel

85 479 256 539 nepamus
271 465 529 538 conformitatem
546 477 745 538 eorumquae
764 467 834 524 sunt
856 465 1047 538 conformia,
1064 463 1116 525 vel
1188 475 1192 481 ·

87 544 311 618 affirmamus
331 543 594 617 conformitatem
615 559 727 604 eorum
743 547 897 618 quaesunt
912 542 1093 615 difformia.

135 625 243 703 lgitur
263 622 432 700 objectum
448 623 565 682 erroris
594 625 645 682 εει
668 621 803 696 falsitas,
829 637 898 706 que
920 628 1031 683 tamen
1052 623 1115 684 sub

87 705 244 765 veritatis
258 703 369 779 specie
384 703 488 763 menti
501 699 642 778 proponi
663 699 776 780 debet,
797 718 874 763 nam
897 699 1035 763 formale
1057 705 1115 765 ob·

84 782 226 861 jectum
239 782 425 842 intellectus
440 797 501 842 seu
522 783 606 842 ratio
629 783 671 842 ob
696 798 795 860 quam
817 782 884 842 hac
905 779 1042 843 facultas
1065 798 1114 844 as·

90 864 212 931 sentit,
228 866 278 923 est
290 863 428 931 veritam
446 878 542 938 porro
567 861 722 938 quelibet
745 861 882 922 facultas
910 876 978 922 non
1004 867 1114 940 potest

89 945 225 1004 moveri
238 942 300 1003 nisi
315 941 484 1002 tendendo
501 941 543 1001 ad
557 957 654 1000 suum
669 940 1015 1020 propriumobjectum
1031 944 1112 1015 :sic,

90 1039 127 1082 v.
145 1039 212 1103 gn,
229 1022 344 1084 oculus
358 1036 425 1082 non
440 1026 548 1098 potest
558 1019 671 1081 videre
686 1021 744 1082 ubi
757 1037 825 1082 non
840 1026 892 1082 est
910 1023 978 1083 lux.

92 1179 170 1240 252.
188 1213 227 1223 -
240 1180 358 1240 Tussis.
377 1182 457 1238 Fons
473 1179 656 1253 primarius
675 1178 845 1253 cujuslibet
868 1181 991 1240 error-is
1016 1185 1060 1241 est
1080 1182 1114 1241 in

135 1260 244 1320 litera
262 1258 435 1325 uoluntatis
453 1259 602 1318 motione.

138 1419 312 1479 Probatur.
330 1419 371 1479 Ut
386 1421 481 1478 antea
495 1383 717 1493 probavimus,
734 1417 919 1479 intellectus
938 1419 1114 1495 dupliciter

94 1497 142 1560 ad
157 1513 331 1559 assensum
342 1495 588 1570 determinatur,
604 1511 725 1576 nempe
738 1501 767 1558 1ο
782 1498 822 1558 ab
839 1498 970 1576 objecto
986 1500 1038 1562 vel
1051 1502 1113 1562 2⁰a

94 1579 278 1639 voluntate.
294 1578 391 1655 Atqui
406 1577 564 1652 objectum
575 1577 665 1654 quod
680 1593 852 1640 assensum
863 1580 1047 1640 intellectus
1059 1596 1112 1641 ex-

94 1664 255 1735 torquere
276 1657 395 1723 valeat,
411 1664 461 1718 εει
475 1655 642 1718 dumtaxat
656 1660 776 1718 veritas
792 1657 929 1720 evidens
952 1659 1043 1736 (248);
1059 1662 1112 1721 Er-

97 1754 143 1816 go
171 1740 321 1798 noluntas
346 1736 418 1797 sota
441 1741 552 1813 potest
577 1736 799 1799 determinare
831 1739 1034 1800 intellectum
1069 1739 1111 1802 ad

98 1831 262 1879 assensum
283 1833 464 1877 erroneum.

140 1898 211 1958 253.
234 1930 274 1938 -
296 1898 342 1957 lix
358 1894 451 1956 dictis
464 1893 622 1973 (251252)
643 1900 735 1972 patet
758 1913 892 1958 causam
908 1899 1115 1973 adaequatam

100 1978 221 2038 erroris
241 1976 307 2036 haec
330 1976 395 2037 duo
409 1976 601 2052 postulare:
627 1980 657 2037 l⁰
671 1981 708 2036 ut
720 1974 839 2037 falsum
860 1976 921 2038 sub
936 1980 1048 2054 specie
1059 1995 1113 2040 ve·

97 2059 126 2118 ri
153 2056 335 2118 intellectui
350 2071 387 2116 se
402 2055 526 2126 offerat,
549 2057 581 2116 2ο
601 2063 638 2117 ut
651 2057 854 2117 intellectum
868 2057 1020 2118 voluntas
1044 2067 1112 2120 moss

98 2143 186 2198 veat.
208 2137 306 2196 Porro
322 2134 429 2196 fontes
443 2135 657 2211 particulares
673 2151 821 2197 errorum
842 2142 979 2214 possunt
989 2135 1032 2199 ad
1045 2140 1112 2216 pri*

99 2233 194 2277 mum
209 2222 265 2276 aut
285 2214 327 2275 ad
342 2214 527 2276 secundum
543 2222 641 2293 caput
659 2215 786 2277 reduci.

139 2299 169 2358 l.
187 2299 223 2358 ln
237 2297 377 2372 primum
393 2300 491 2371 caput
504 2294 725 2371 refunduntur
741 2300 769 2357 1⁰
782 2295 983 2376 praejudicia,
995 2299 1026 2358 2⁰
1038 2311 1114 2358 con-

95 2374 183 2437 fusio
199 2375 361 2450 idearum,
377 2376 409 2436 3⁰
423 2377 599 2436 auctoritas
614 2376 793 2453 illegitima.

141 2457 172 2516 l⁰
194 2456 256 2516 Per
273 2456 503 2532 prejudicium
517 2455 710 2534 intelligitur
729 2457 836 2530 opinio
852 2472 991 2516 erronea
1004 2457 1113 2516 animo

98 2534 165 2594 alte
182 2536 304 2609 defun,
321 2552 386 2610 pua
399 2540 508 2594 tamen
522 2536 646 2594 utimur
659 2540 817 2610 tunquam
835 2535 999 2610 prinicipio
1014 2541 1111 2597 certa.

99 2615 170 2675 llaec
185 2613 373 2693 praejudicia
387 2619 464 2674 sunt
480 2612 606 2674 diversa
622 2629 680 2691 pro
693 2613 823 2684 indolis,
841 2615 994 2684 nationis
1004 2621 1006 2627 '
1016 2612 1113 2678 fanti-

98 2693 160 2764 liae,
179 2693 396 2763 educationis
413 2699 519 2767 sectae,
535 2691 760 2770 professionis,
778 2698 855 2768 eta,
870 2695 1038 2754 varietate.

140 2775 173 2835 2ο
189 2775 342 2847 Confusio
365 2774 515 2833 idearum
539 2771 635 2834 adest
653 2773 786 2851 quando
808 2774 912 2835 alieni
931 2775 1062 2833 ceritati
1079 2776 1114 2834 in

92 2855 276 2929 judicando
290 2854 465 2915 inconsulto
480 2854 678 2929 sindropaiur
693 2854 810 2924 altera,
826 2856 859 2912 et
878 2858 989 2914 tamen
1011 2853 1111 2914 ratio·

100 2933 185 2994 ainia
200 2934 414 2994 etiormantur
428 2931 547 2993 eodem
561 2933 661 2993 modo
678 2949 716 2993 ac
726 2934 752 2994 si
763 2937 918 3010 ageretur
928 2933 970 2994 de
982 2933 1111 2994 eadem.

100 3013 169 3074 llaec
185 3011 332 3073 confusio
346 3018 378 3072 et
388 3012 489 3072 inscia
501 3013 688 3073 substitutio
700 3019 855 3089 tanquam
864 3012 958 3074 radix
969 3013 1114 3074 omnium

99 3091 171 3153 fere
187 3109 335 3153 errorum
349 3092 465 3153 haberi
480 3090 591 3153 debet.

137 3172 243 3234 Causa
257 3172 357 3250 hujus
375 3170 573 3234 confisionis
590 3176 640 3232 est
657 3175 687 3232 l⁰
700 3171 734 3230 in
746 3170 981 3250 imaginatione
992 3189 1062 3249 quae
1074 3173 1114 3234 ab

97 3268 164 3313 uno
177 3253 418 3328 phantasmate,
433 3267 473 3312 ex
485 3250 614 3314 duobus
623 3251 807 3324 associatis,
816 3252 924 3312 statim
933 3251 1115 3328 inscieper-

97 3332 145 3410 git
166 3332 208 3393 ad
224 3330 324 3405 aliud,
343 3348 408 3408 quo
423 3335 529 3409 magis
543 3332 746 3409 percellitur.
773 3332 827 3391 llst
850 3332 882 3391 20
902 3330 935 3391 in
952 3331 1114 3395 oblivione

97 3413 238 3491 alicujus
253 3411 414 3490 adjuncti,
433 3427 497 3488 quo
515 3415 639 3489 elaps0,
656 3413 777 3472 veritas
792 3411 864 3486 ipsa
880 3411 1032 3484 elabitur;
1058 3417 1113 3472 aut

98 3494 198 3554 etiam
214 3493 245 3552 3⁰
258 3492 292 3551 in
307 3491 428 3569 objecti
443 3490 642 3552 sublimitate
656 3492 710 3553 vel
725 3490 906 3552 subtilitate
921 3507 992 3567 quae
1007 3495 1111 3552 atten-

95 3573 224 3633 tionem
238 3569 449 3632 difficiliorem
466 3571 672 3649 exquirerem
691 3569 835 3647 denique
849 3571 882 3630 4⁰
898 3572 995 3631 estin
1010 3585 1107 3633 voca-

94 3651 253 3715 bulorum
267 3649 577 3713 indeterminatione
604 3655 662 3712 aut
677 3652 844 3731 aequivoca
857 3648 1108 3730 significatione.
