2650 4242
313 256 607 311 sarantasmum„
631 255 686 301 sau
709 256 890 301 anacreon.
1054 238 1113 299 253

91 368 233 429 limitum
242 365 409 429 finitorum
419 368 627 447 assequimur
636 372 842 445 conceptum
851 364 967 429 infiniti
979 380 1113 430 omnem

90 446 460 509 limitemexcludentis.

131 528 202 589 450.
218 560 255 571 -
271 527 448 593 Sabellam.
472 525 659 589 Adversarii
681 527 886 606 potissimum
906 524 1114 603 decipiuntur

92 622 136 667 ex
150 624 190 668 eo
206 607 296 685 quod
311 608 448 668 limitem
459 607 669 669 considerant
683 605 909 669 tantummodo
917 607 1013 685 juxta
1025 621 1111 668 com-

92 704 229 748 munem
256 688 418 749 rationem
443 686 524 749 liniti
553 689 646 767 (442),
672 688 808 766 quaeda
833 688 986 749 omnibus
1014 684 1113 746 linitis
1207 746 1208 749 ,

92 767 277 829 actualibus
292 774 326 827 et
346 768 556 845 possibilibus
580 767 749 844 predicari
772 770 892 845 potest.
919 765 1114 845 Concipiunt

93 848 181 907 banc
194 849 574 908 rationemcommunem
584 853 621 907 ut
631 846 765 925 aliquod
777 846 904 907 linitum
914 846 1112 921 universale,

93 928 306 1006 objectivum‚
323 927 431 987 omnia
445 926 535 988 finita
547 933 655 988 creata
669 934 701 989 et
712 928 864 989 creabilia
877 927 1111 1005 complectens.

92 1009 243 1069 laruvero
258 1008 377 1068 limites
391 1008 490 1087 hujus
503 1007 667 1069 fantastici
687 1006 768 1068 liniti
791 1007 929 1069 inveniri
946 1010 1035 1067 certo
1050 1022 1114 1067 ne·

95 1091 224 1165 queunt
248 1088 309 1148 nisi
322 1089 356 1148 in
370 1085 510 1158 infinito;
535 1104 613 1148 nam
636 1090 724 1148 Deus
747 1089 836 1148 solus
860 1086 1111 1164 possibilitatem

95 1167 298 1229 limitationis
312 1182 331 1226 a
346 1184 382 1228 se
397 1168 537 1245 repellit.
555 1171 627 1245 lpsa
641 1170 740 1246 igitur
760 1166 946 1241 abstractio,
964 1182 1025 1227 seu
1040 1165 1111 1226 uni·

95 1248 268 1308 versalitas
295 1244 331 1305 fit
361 1248 563 1307 elementum
587 1247 787 1327 objectivum
808 1263 869 1307 seu
892 1248 1002 1325 aliqua
1026 1245 1114 1307 notio

97 1343 169 1405 quae
183 1326 367 1405 ingreditur
380 1330 415 1388 in
430 1328 760 1405 comprehensionem
775 1326 855 1387 idea
877 1324 958 1389 liniti
981 1346 987 1386 :
1015 1330 1115 1403 atque

95 1408 158 1468 hac
183 1405 376 1468 confusione
390 1412 537 1484 peracta,
554 1408 715 1485 originem
729 1407 829 1487 hujus
844 1406 926 1467 ideae
941 1420 1008 1468 nan
1020 1406 1113 1468 inve-

96 1488 168 1548 nire
183 1487 323 1565 amplius
338 1491 466 1565 queunt
479 1488 541 1548 nisi
554 1486 588 1546 in
605 1491 769 1563 conceptu
783 1485 908 1549 infiniti.

467 1634 682 1697 ARTlCULUS
703 1636 738 1695 ll.

158 1769 204 1825 De
219 1766 338 1824 cattam
347 1766 601 1841 perfectionibus
615 1766 724 1841 quoad
736 1766 870 1827 madunt
885 1768 1053 1830 assistendi.

138 1891 209 1955 451.
222 1928 258 1936 -
273 1896 347 1965 bns
360 1894 471 1973 quoad
481 1893 618 1956 modum
628 1893 792 1957 existendi
801 1901 998 1973 spectatum,
1010 1898 1116 1961 varias

98 1973 343 2035 etiam'sortitur
357 1973 589 2051 perfectiones
606 1992 644 2035 ac
659 1974 797 2053 proinde
812 1977 900 2037 varie
918 1978 1115 2039 determina·

99 2058 152 2113 tur
170 2070 208 2113 ac
233 2054 394 2117 dividitur.
422 2054 507 2116 Modi
533 2056 696 2117 existendi
719 2060 795 2117 sunt
823 2059 851 2118 10
876 2058 1057 2118 necessitas
1084 2062 1118 2119 ct

86 2135 334 2213 contingentia,
351 2136 383 2195 2⁰
396 2133 650 2208 immutabilitas,
670 2140 703 2195 et
717 2136 927 2209 mutabilitas
942 2140 973 2199 30
988 2140 1115 2199 aeterni·

99 2217 160 2284 tas,
172 2230 275 2276 avum
287 2220 320 2275 et
330 2220 471 2292 tempus.
485 2216 521 2277 lli
530 2216 620 2277 modi
631 2214 783 2277 dicuntur
794 2214 1026 2293 perfectiones
1041 2218 1117 2295 quia

99 2293 257 2433 exhjibent
270 2296 371 2357 veluti
385 2295 535 2356 ultimum
550 2296 832 2373 complementum
845 2299 879 2359 in
893 2298 1020 2358 ratione
1035 2298 1117 2358 exis·

101 2376 205 2435 teni.

139 2454 210 2515 istae
237 2452 469 2531 perfectiones.
499 2470 566 2515 una
596 2471 673 2515 cum
706 2456 942 2533 superioribus
964 2454 1117 2519 dicuntur
1155 2515 1156 2519 ,

99 2534 200 2593 etiam
214 2536 433 2612 proprietates
446 2535 659 2614 disjunctivae,
677 2541 840 2612 quatenus
864 2538 942 2609 enti,
959 2541 996 2597 ut
1010 2539 1068 2604 sic,
1085 2540 1118 2597 et

97 2613 237 2691 singulis
253 2618 324 2693 ejus
338 2612 545 2677 inferioribus
560 2630 627 2675 non
642 2615 739 2676 simul
764 2617 974 2689 conveniunt,
991 2616 1033 2678 ad
1049 2615 1116 2677 dis·

98 2694 224 2754 crimen
238 2694 478 2772 proprietatum
496 2696 702 2772 simplicium,
719 2712 789 2774 quae
805 2696 901 2757 simul
916 2696 984 2758 enti
998 2700 1032 2757 et
1046 2694 1112 2758 sin·

97 2774 187 2851 gulis
202 2774 274 2853 eJus
288 2772 496 2837 inferioribus
511 2779 715 2853 competunt.

188 2911 206 2972 5
221 2907 244 2961 1.
260 2910 302 2962 De
314 2908 435 2961 notione
449 2908 526 2961 entis
541 2907 701 2962 necessarii
715 2909 746 2961 ot
760 2906 959 2977 contingentis
975 2904 989 2979 (
1002 2907 1025 2978 1.

138 3033 210 3093 452.
226 3032 506 3093 -Necessarium
521 3029 732 3092 diciturillud
747 3034 833 3107 qaod
844 3036 886 3092 cst
902 3038 930 3093 et
943 3038 1117 3109 aoapotest

95 3128 163 3173 aaa
175 3129 251 3184 esse,
268 3112 464 3189 contingens
480 3126 555 3172 vero
571 3112 658 3187 qaod
666 3116 768 3187 potest
782 3128 846 3173 esse
860 3116 888 3171 et
903 3128 965 3172 noa
979 3130 1055 3174 esse.

137 3193 269 3269 Triplex
295 3192 455 3271 assignari
478 3196 590 3268 potest
613 3191 793 3261 necessitas
820 3195 853 3251 et
878 3192 1115 3271 contingentia,

96 3272 252 3334 nimirum
266 3273 383 3347 topica,
394 3273 531 3347 pltpst'ca
542 3275 571 3330 ct
581 3272 808 3345 metaphysica.
819 3271 924 3333 Prima
937 3276 988 3332 est
997 3271 1116 3335 modus

97 3369 165 3430 quo
177 3354 356 3428 propositio
373 3352 492 3411 dicitur
513 3352 701 3413 necessaria
724 3351 776 3412 vel
797 3354 995 3428 contingens
1018 3351 1113 3432 (170).

97 3431 254 3493 Secunda
268 3436 320 3493 est
333 3432 452 3493 modus
467 3448 532 3508 quo
547 3431 717 3490 naturales
737 3447 843 3491 caesae
857 3436 934 3491 sunt
958 3432 1116 3495 naturali·

98 3517 151 3574 ter
164 3512 388 3574 determinata
402 3510 444 3571 ad
458 3528 537 3571 suos
553 3510 691 3571 effectus
709 3530 716 3570 :
732 3526 764 3571 v.
780 3527 827 3589 g.‚
850 3508 953 3589 frigus
974 3517 1023 3575 est
1037 3530 1117 3592 pra-

129 3657 167 3715 (a)
182 3653 214 3704 D.
229 3652 317 3701 Thom.
331 3665 358 3715 p.
372 3651 393 3712 1,
408 3664 451 3714 qn.
465 3648 491 3711 3,
505 3652 556 3699 art.
570 3650 595 3698 4.
