2650 4242
342 282 541 327 nrrnrnrsrca
561 286 645 339 ocu,
668 284 723 329 suu
746 284 927 329 carosomi.
1074 268 1133 327 213

112 396 173 474 qui
188 395 358 457 ordinatur
371 396 414 456 ad
442 403 535 457 actus
561 399 753 465 voluntatis,
778 404 811 459 et
835 402 868 461 in
891 398 1132 468 intellectivam,

112 475 176 555 qui¹
189 476 333 553 disponit
347 475 390 536 ad
404 482 615 553 operationes
628 480 828 539 intellectus,

155 556 188 614 2⁰
203 557 250 615 Ex
265 554 400 618 diversis
414 560 522 617 causis
538 558 761 633 affmientibus,
779 558 909 620 babitus
924 555 1081 617 dividitur
1095 556 1130 615 in

110 633 264 696 infusum
278 639 313 695 et
326 635 532 711 acquisitum.

156 716 291 775 Habitus
305 715 433 789 infusas
445 716 500 775 ille
516 720 578 786 est,
594 719 650 793 qui
665 733 726 792 per
752 716 912 776 influxum
939 715 1041 775 solius
1068 716 1130 777 Dei

113 794 295 855 obtinetur.
310 793 434 854 Dicitur
447 793 575 855 inlusus
597 811 661 871 per
685 813 728 867 sc,
759 793 904 873 quando
934 800 1049 855 natura
1071 810 1131 855 sua

112 876 248 935 nonnisi
262 890 281 933 a
295 875 363 933 Deo
379 874 517 949 produci
531 879 642 950 potest
658 894 666 933 ε
682 892 713 935 v.
728 893 761 953 g.
778 874 910 936 habitus
923 872 1001 935 fidei
1016 890 1131 949 super-

112 954 289 1022 naturalis3
307 952 425 1013 dicitur
438 952 566 1014 infusus
576 971 639 1029 pcr
652 959 809 1023 uccidenc
839 952 982 1031 quando
1014 954 1091 1013 licet
1112 970 1131 1014 a

113 1033 186 1091 Deo
200 1032 413 1109 producatur,
429 1033 464 1094 id
493 1039 602 1093 tamen
630 1050 697 1093 non
726 1036 810 1111 petit
836 1050 877 1093 ex
904 1038 1019 1093 natura
1043 1049 1128 1093 sua:

112 1128 146 1172 v.
163 1128 196 1188 g.
215 1112 337 1172 donum
348 1112 535 1191 linguarum
548 1114 714 1188 Apostolis
726 1116 890 1175 conatum.

156 1191 290 1252 Habitus
305 1197 356 1252 est
374 1195 561 1267 acquisitos,
590 1196 645 1268 qui
669 1209 730 1268 per
752 1196 902 1270 proprios
928 1196 1021 1252 actus
1045 1208 1126 1268 ope-

115 1275 220 1330 rantis
234 1270 381 1341 efficitur,
399 1288 438 1332 ac
452 1270 591 1347 proinde
605 1274 759 1350 generari
786 1270 993 1333 solummodo
1020 1277 1132 1347 potest

114 1350 149 1409 in
173 1351 211 1411 iis
226 1352 382 1427 potentiis
397 1368 467 1427 quae
482 1351 524 1411 ad
538 1352 689 1427 proprios
701 1358 794 1413 actus
819 1350 1001 1413 eliciendos
1019 1350 1129 1427 aliquo

114 1429 215 1490 modo
228 1431 356 1506 passive.
367 1446 403 1491 se
414 1432 548 1492 habent.
564 1433 635 1491 «Ex
644 1432 868 1508 multiplicatis
883 1430 1019 1491 actibus.
1035 1435 1072 1490 ut
1085 1431 1130 1491 ait

115 1509 147 1569 S.
164 1510 318 1585 Thomas,
332 1515 512 1589 generatur
527 1510 676 1587 quadam
692 1512 831 1587 qualitas
846 1514 879 1571 in
894 1510 1040 1585 potentia
1055 1524 1130 1585 pas·

114 1590 183 1648 siva
199 1593 233 1649 et
246 1595 346 1658 mota,
362 1606 434 1666 qua
447 1594 634 1652 nominatur
647 1591 779 1651 habitus
792 1590 847 1669 (1).
868 1616 880 1643 ι
897 1591 953 1651 Hx.
970 1610 977 1649 :
995 1589 1130 1648 Habitus

114 1668 270 1730 virtutum
299 1672 471 1730 moralium
497 1675 675 1730 causantur
696 1672 730 1730 in
754 1670 937 1748 appetitivis
963 1668 1127 1746 potentiis,

115 1748 302 1811 secundum
317 1749 407 1826 quod
422 1755 597 1811 moventur
611 1767 629 1810 a
644 1750 783 1811 ratione.

156 1828 187 1887 3⁰
203 1827 268 1891 Sed
283 1835 400 1903 praeter
412 1830 472 1889 hos
501 1829 643 1895 habitus,
674 1829 807 1906 quidam
836 1829 889 1888 alii
914 1828 1044 1900 dantur,
1076 1825 1134 1903 qui

112 1908 248 1982 proprie
261 1924 372 1983 neque
386 1908 536 1985 acquisiti
563 1925 674 1985 neque
702 1907 801 1969 infusi
829 1912 915 1969 sunt.
947 1908 983 1967 Hi
1004 1906 1136 1967 habitus

113 1986 282 2047 naturales
296 1986 459 2056 dicuntur,
476 1992 551 2064 quia
567 1989 608 2049 ab
619 1991 692 2065 ipsa
702 1994 818 2051 natura
828 1990 1006 2049 inchoativo
1017 1987 1136 2046 saltem

114 2064 247 2137 dantur,
260 2071 293 2125 et
306 2068 501 2144 suntpotius
510 2070 736 2129 inchoationes
749 2068 920 2129 habituum
935 2082 1035 2143 quam
1044 2065 1135 2127 habi-

112 2148 179 2205 tus.
202 2146 364 2207 «Nullum
398 2151 486 2209 enim
519 2148 696 2220 credimuS,
721 2147 765 2207 ait
789 2149 918 2218 Suarez,
943 2148 978 2206 in
999 2145 1134 2206 homine

114 2239 191 2284 esse
212 2225 359 2286 habitum
374 2244 391 2287 a
406 2233 522 2287 natura
538 2227 652 2288 datum
670 2252 682 2279 ι
704 2226 754 2304 (2).

115 2383 127 2443 l
154 2303 225 2368 369.
242 2307 427 2368 —Habitus
443 2308 542 2367 etiam
556 2307 711 2369 dividitur
724 2308 758 2367 in
769 2308 951 2383 practicam
967 2308 1000 2365 et
1011 2320 1131 2381 specu-

129 2384 265 2443 ativum.
1111 2443 1113 2449 ,

156 2464 497 2539 1⁰Diciturproctt'cnc
515 2465 647 2541 quando
664 2466 888 2541 circapraxim
902 2466 1063 2533 versatur,
1079 2462 1133 2523 vel

115 2541 280 2603 eliciendo
296 2544 347 2604 vel
364 2542 538 2623 dirigendo
564 2546 663 2605 illam.
692 2546 752 2606 Per
775 2546 901 2621 praxim
926 2543 1130 2620 intelligitur,

109 2620 207 2699 juxta
230 2624 362 2683 Scotum
378 2623 433 2701 (3),
449 2629 542 2684 actus
558 2626 693 2686 alterius
709 2628 861 2701 potentiae
882 2624 922 2685 ab
947 2624 1129 2691 intellectu,

112 2702 307 2762 naturaliter
318 2703 482 2779 posterior
506 2704 743 2777 intellectione,
773 2710 870 2766 uatus
900 2703 971 2763 elici
999 2699 1129 2761 confor-

112 2782 212 2840 miter
237 2782 354 2843 rationi
380 2787 488 2846 recte.
518 2782 562 2844 ad
588 2785 650 2845 hoc
666 2788 704 2843 ut
727 2784 1043 2847 sitrectusassuarez
1057 2779 1131 2841 ‘use

112 2858 288 2937 impugnat
301 2862 386 2921 lianc
403 2861 627 2923 definitionem
643 2864 741 2932 Scoti,
759 2868 839 2937 tum,
858 2864 1017 2938 quianon
1042 2864 1132 2921 esset

113 2940 307 3013 simpliciter
319 2957 434 3001 verum
464 2941 555 3019 quod
583 2944 689 3003 omnis
713 2944 822 3019 praxis
850 2945 892 3003 sit
921 2948 1010 3002 extra
1039 2940 1132 3000 intel-

111 3016 248 3090 lectum,
265 3024 333 3080 tum
368 3021 445 3097 quia
471 3020 680 3095 conformitas
708 3030 804 3086 rectae
832 3024 950 3083 rationi
978 3021 1134 3081 conve-nit

113 3097 249 3178 quidem
264 3099 357 3173 praxi
371 3101 497 3170 morali,
513 3104 691 3174 utait,non
707 3107 819 3164 autem
831 3102 1018 3163 necessario
1042 3096 1133 3178 praxi

113 3176 272 3241 artificiali
286 3178 339 3259 (4).
357 3181 589 3242 Verumtamen
614 3185 705 3242 recte
733 3188 838 3259 potest
851 3182 922 3252 dici,
946 3180 1014 3241 sive
1041 3175 1132 3257 quod

113 3259 221 3318 omnis
234 3261 345 3335 praxis
371 3265 420 3321 est
436 3266 527 3321 extra
540 3262 800 3322 intellectionem
824 3261 1044 3339 regulantem,
1061 3259 1129 3319 sive

143 3429 178 3493 (1)
194 3432 270 3480 Sum.
285 3434 332 3488 tlt,
347 3432 365 3480 l.
381 3434 413 3495 ti,
428 3448 452 3496 q.
467 3434 509 3481 Ll.
525 3450 549 3482 a.
564 3434 588 3483 2.

142 3507 176 3571 (2)
190 3510 318 3572 Metaph.‚
333 3511 401 3573 disp.
418 3513 458 3572 44,
473 3528 494 3561 s.
511 3512 548 3571 13,
563 3508 591 3566 7.

144 3586 178 3651 (3)
191 3590 288 3649 Quaest.
305 3591 342 3641 IV
350 3591 458 3655 Protog.

142 3668 176 3730 (4)
189 3668 326 3731 Metam„
340 3667 409 3732 disp,
426 3671 466 3731 44,
482 3687 503 3721 s.
515 3670 554 3733 13,
569 3687 597 3723 n.
616 3671 703 3725 mab.
