2650 4242
310 276 507 321 uurarursiui
527 277 609 333 aar„
632 276 687 323 sau
709 274 884 322 ourotoon.
1038 260 1098 321 995
1186 313 1189 319 .

495 443 621 507 CAPUT
641 445 691 506 tv,

512 623 551 667 DE
573 620 686 669 CAUSIS.

402 758 443 811 ite
453 756 550 811 causis
559 754 593 810 in
607 768 717 825 genere
726 753 778 826 (a).

124 874 195 938 399.
218 878 446 941 -Causarum
460 879 676 942 consideratio
692 878 735 942 ad
748 881 1007 961 metaphysicam
1020 898 1095 960 per-

83 958 180 1029 tinet,
210 960 285 1035 quia
312 960 537 1040 metaphysica
561 960 747 1022 considerat
774 974 832 1021 ens
856 963 889 1022 in
922 962 1096 1036 communi,

84 1034 177 1112 quod
193 1043 244 1098 est
257 1055 354 1101 causa
369 1042 473 1115 velex
483 1055 594 1110 causa,
604 1042 800 1117 principium
810 1041 914 1102 velex
924 1041 1095 1119 principio.

124 1115 251 1177 Nomen
266 1134 370 1181 causae
383 1121 478 1182 variis
503 1118 610 1182 modis
623 1136 642 1180 a
657 1120 859 1197 philosophis
883 1126 1060 1198 usurpatur
1089 1140 1095 1181 :

86 1195 390 1273 recompensant,
405 1218 464 1278 pro
480 1215 520 1260 eo
536 1200 625 1262 omni
646 1199 736 1277 quod
750 1202 968 1262 necessarium
987 1205 1038 1262 est
1066 1205 1099 1261 et

84 1278 344 1353 praerequisitum
359 1278 401 1340 ad
411 1279 662 1356 productionem
689 1280 825 1358 aliouJus
850 1280 1002 1355 effectus;
1033 1297 1098 1359 quo

83 1368 189 1416 sensu
202 1372 269 1417 non
283 1360 389 1419 solum
404 1374 511 1420 rerum
526 1360 694 1436 principia,
705 1359 765 1421 sed
782 1362 880 1420 etiam
895 1360 1099 1423 conditiones

83 1436 154 1495 sine
168 1438 283 1512 quibus
302 1454 376 1511 coa,
392 1437 542 1500 dicuntur
557 1454 673 1499 causae.
688 1441 719 1499 2⁰
735 1441 895 1512 Strictim,
923 1456 982 1517 pro
1012 1457 1051 1501 eo
1080 1454 1100 1499 a

85 1528 154 1591 quo
169 1516 293 1594 aliquid
307 1523 358 1579 est
372 1523 405 1579 et
420 1516 650 1580 denominatur
664 1518 813 1581 effectus.
830 1520 861 1579 3⁰
875 1522 1022 1595 Proprie,
1040 1536 1098 1597 pro

86 1590 236 1671 quolibet
248 1598 406 1674 principio
419 1596 622 1674 producente
638 1615 713 1661 curn
732 1599 813 1661 reaii
826 1598 959 1659 influxu.

126 1671 199 1738 393.
215 1710 255 1719 -
267 1680 471 1753 Principium
485 1682 520 1738 et
533 1693 633 1739 causa
645 1679 679 1739 in
702 1679 764 1742 hoc
794 1678 983 1757 discrepant
1010 1678 1099 1755 quod

86 1752 131 1813 ad
144 1756 306 1818 rationem
319 1758 469 1835 principii
483 1755 599 1818 sufficit
612 1760 765 1820 tabitudo
775 1761 869 1819 unius
879 1760 919 1818 ab
931 1759 1007 1827 atio,
1021 1758 1098 1818 dum

45 1874 49 1881 ι
86 1831 130 1893 ad
141 1836 299 1899 rationem
315 1854 418 1899 causae
432 1840 609 1916 requiritur
621 1837 759 1899 influxus
772 1838 869 1899 realis
885 1837 917 1898 in
933 1838 1097 1899 effectum.

85 1912 283 1993 Principium
298 1920 348 1978 est
358 1916 393 1979 id
408 1933 429 1977 o
442 1934 505 1994 quo
527 1919 653 1993 otiquid
666 1934 866 1994 quocumque
879 1920 973 1978 modo
992 1934 1099 1978 conse-

86 1997 208 2067 quitur.
233 1995 328 2071 Quod
342 1996 383 2057 ab
408 1998 469 2060 alio
481 2000 705 2075 consequitur,
716 1998 951 2073 principiotum
973 1996 1098 2067 dicitur,

87 2076 179 2150 quod
193 2080 343 2152 importat
358 2078 596 2139 connexionem
611 2078 752 2155 aliquam
765 2076 833 2139 sive
846 2078 1097 2149 consecutionis,
1191 2098 1194 2103 ·

86 2156 157 2217 sive
170 2156 374 2218 causalitatis.

131 2236 297 2297 connexio
320 2238 496 2297 intrinseca
524 2251 585 2297 seu
609 2238 784 2297 constituta
811 2235 948 2312 positivo
977 2234 1101 2295 influxu

85 2314 186 2376 unius
213 2316 248 2375 in
272 2315 370 2388 aliud,
390 2317 499 2377 iocum
515 2314 570 2376 dat
583 2314 700 2393 triplici
720 2316 837 2394 generi
851 2314 1098 2391 principiorum,

86 2408 210 2472 nempe
228 2396 257 2453 l⁰
269 2396 429 2471 principio
444 2397 641 2471 cognitionis,
659 2395 790 2473 quando
819 2394 961 2455 influxus
990 2400 1041 2454 est
1067 2394 1100 2455 in

86 2477 204 2536 ordine
214 2475 384 2549 909ιόοῇο
393 2472 551 2552 principio
566 2477 698 2548 essendi,
724 2474 856 2554 quando
884 2473 1026 2537 influxus
1051 2478 1101 2534 est

85 2556 122 2613 in
136 2555 250 2615 ordine
271 2556 499 2631 metaphysico,
514 2554 683 2633 (principia
704 2553 838 2616 essendi
851 2571 912 2615 seu
925 2556 1100 2617 intrinseca

86 2632 210 2694 suntid
224 2632 313 2710 quod
325 2634 360 2694 in
372 2634 514 2695 essentia
527 2634 708 2711 respondet
731 2633 848 2715 generi
864 2640 897 2695 et
912 2633 1100 2696 differentiae

87 2716 123 2773 in
138 2711 339 2791 definitione)
354 2719 387 2774 et
401 2716 432 2775 3⁰
445 2713 602 2790 principio
618 2716 785 2786 emittendi,
803 2712 934 2792 quando
946 2714 997 2774 hic
1010 2711 1100 2773 intiu-

87 2807 153 2853 xus
167 2795 217 2853 est
229 2792 264 2852 in
278 2794 389 2854 ordine
397 2793 531 2868 physico
547 2798 580 2854 et
595 2796 812 2856 communicat
837 2809 910 2856 esse
935 2793 1030 2853 altori
1049 2792 1101 2852 vel

89 2876 247 2949 tanquam
261 2887 336 2947 pars
352 2872 556 2934 constitutiva
585 2871 657 2951 ejus
678 2874 835 2946 essentiae,
864 2875 916 2935 vel
945 2879 1101 2951 tanquam

87 2949 230 3013 influens
244 2953 278 3011 in
292 2951 364 3030 ejus
373 2949 631 3029 productionem.
681 3016 685 3023 ,

128 3030 199 3094 394.
217 3066 256 3075 -
269 3032 429 3093 Pitorc'tcs
442 3032 592 3110 principii
605 3036 760 3108 respectu
773 3030 955 3108 principiati
980 3036 1030 3093 est
1045 3030 1098 3090 tri·

88 3110 168 3187 plex
185 3109 402 3187 :principium
423 3117 623 3188 potestesse
639 3112 728 3189 prius
751 3128 810 3173 suo
836 3112 1027 3187 principiato
1048 3110 1103 3170 vel

89 3197 242 3266 tempore,
258 3190 312 3251 vel
324 3196 453 3263 notura,
470 3192 524 3253 vel
538 3192 652 3253 saltem
667 3192 801 3267 criptae.
830 3192 886 3253 Ex.
905 3209 912 3251 :
941 3193 1101 3267 Tempore

87 3267 256 3347 Phiiippus
281 3267 343 3330 fuit
355 3271 540 3333 Alexandro
556 3273 659 3349 prior;
675 3275 791 3331 natura
804 3271 861 3332 iux
875 3272 1024 3347 estprior
1034 3270 1102 3330 suis

90 3348 204 3420 radiis;
222 3349 348 3427 origine
361 3350 433 3412 sota
447 3353 534 3427 prior
550 3356 601 3412 est
613 3352 701 3411 Deus
724 3350 819 3412 Pater
838 3368 895 3413 suo
924 3351 999 3413 Filio
1026 3366 1103 3410 coae·

91 3432 185 3490 terno
202 3448 210 3489 ε
226 3428 279 3489 hic
294 3434 404 3491 tamen
418 3429 498 3492 ordo
522 3431 658 3507 originis
680 3434 793 3507 posset
821 3430 919 3492 etiam
946 3426 1104 3507 appellari

92 3506 173 3568 ordo
188 3513 324 3584 notura,
339 3510 495 3587 quianon
510 3514 561 3571 est
580 3510 674 3581 iiber,
700 3508 759 3570 sed
780 3512 952 3571 naturalis.
982 3510 1104 3569 Verum

122 3657 159 3722 (a)
175 3654 236 3708 vid.
251 3656 279 3707 S.
293 3658 384 3708 Thom.
394 3674 419 3723 p.
436 3658 500 3723 iqu.
513 3657 552 3708 33.
567 3661 618 3708 art.
634 3656 730 3717 i;ibid.
745 3673 787 3723 qu.
798 3657 828 3709 77
842 3660 892 3709 art.
906 3656 922 3708 6
934 3656 1001 3709 ad2.

414 3746 497 3797 Batrv.
513 3746 591 3799 Patr..
605 3747 635 3798 Τ.
648 3746 673 3797 i.
688 3772 720 3786 -·
736 3746 774 3796 15.
