2650 4242
489 310 605 355 LOGlCAE
625 315 698 359 PARS
720 320 739 360 1.

279 497 312 552 11.
329 501 369 554 De
383 499 529 560 divisione
550 509 748 568 terminorum
763 520 918 580 vocalium.

140 643 191 702 27.
219 677 247 686 --
264 647 298 706 ln
313 655 474 724 quantum
487 657 677 736 singillatim
690 664 917 751 inspiciuntur,
933 679 1031 744 dividi
1046 702 1121 763 pos-

100 727 181 781 sunt
197 726 326 787 termini
337 733 470 794 vocales
485 753 492 795 ε

143 803 168 861 l.
186 803 378 870 Secundum
393 815 458 873 oc'nt
479 817 681 892 stpntftmndt
693 845 704 883 .·

144 884 175 941 1ο
196 885 235 944 Et
250 890 416 966 praecipue
430 893 464 952 in
479 897 639 972 univocos,
655 907 834 979 aancocos
848 922 880 975 et
894 923 1051 998 onotopos
1065 926 1118 1007 (l).

101 961 277 1026 Terminus
290 971 444 1032 univocus
463 973 590 1052 dicitur,
623 984 755 1058 quando
785 993 945 1059 rationem
975 1005 1121 1082 aliquam

101 1041 269 1118 significat
289 1048 323 1107 in
337 1051 496 1126 'pluribus
520 1058 713 1136 simpliciter
734 1070 904 1150 eamdcm;
921 1085 979 1152 uti,
1005 1103 1034 1146 v.
1089 1102 1118 1162 ‘.‚

101 1122 212 1192 arhor,
231 1141 305 1202 quae
323 1127 383 1188 dici
390 1135 441 1191 tur
455 1133 497 1194 de
512 1139 610 1210 malo,
630 1141 672 1202 (19
696 1161 833 1223 quercu,
859 1162 922 1218 etc.
949 1164 1120 1229 Terminus

101 1199 222 1262 dicitur
236 1211 426 1282 equivocus,
442 1215 497 1290 qui
513 1217 752 1295 significatione
769 1230 898 1298 diversa
914 1239 956 1301 de
971 1247 1120 1321 pluribus

101 1285 313 1357 enunciatur;
331 1290 378 1349 uti
393 1308 422 1350 v.
439 1308 503 1370 gr,
523 1301 613 1370 canis
628 1311 728 1378 prout
744 1310 911 1377 diceretur
927 1321 968 1383 de
985 1327 1119 1390 animali
1138 1368 1144 1382 ,

102 1359 285 1424 domestico
300 1371 330 1426 el
345 1367 385 1429 de
395 1371 515 1435 sidere.

141 1441 364 1520 AEquivocatio
380 1451 547 1514 inducitur
559 1461 627 1520 sive
644 1479 734 1537 casu,
752 1473 818 1532 sive
845 1483 992 1544 consilio.
1008 1488 1118 1566 AEqui-

99 1523 230 1582 vocatio
247 1523 364 1587 dicitur
379 1547 399 1590 u
413 1549 501 1608 casn,
524 1542 656 1614 quando
673 1544 761 1607 idem
785 1569 905 1618 nomen
928 1562 1119 1639 impositum

101 1605 153 1660 est
168 1604 268 1664 rebus
284 1604 433 1682 diversis,
452 1631 526 1674 cum
542 1621 651 1684 interi
696 1645 701 1658 ·

99 1678 253 1743 homines
266 1686 309 1746 ad
324 1689 405 1750 illud
419 1707 543 1755 nomen
567 1699 793 1770 adhibendum
816 1715 985 1784 adducere
1005 1736 1117 1804 queat,
1133 1800 1136 1807 ,

462 1820 468 1842 ‚
483 1779 516 1836 et
527 1779 645 1854 gallus,
660 1787 791 1852 animal.
805 1795 958 1866 Dicituru
971 1810 1116 1886 consilto,

101 1841 235 1916 quando
257 1846 338 1906 illud
360 1865 482 1914 nomen
505 1855 641 1922 diversis
662 1867 762 1929 rebus
783 1877 970 1942 attribuitur
982 1895 1122 1966 propter

99 1919 295 1984 relationem
327 1927 471 2007 aliquam
494 1935 581 1998 inter
604 1959 657 2004 res
683 1947 898 2031 significatam
923 1979 953 2023 v.
977 1983 1040 2044 gr„
1058 1988 1120 2046 pes

100 2000 249 2062 animalis
264 2007 297 2063 et
318 2023 378 2083 pes
392 2015 523 2090 montis.
541 2021 617 2083 llaec
642 2032 858 2102 aequivocatio
874 2056 941 2102 non
953 2045 1062 2109 differt
1076 2052 1117 2112 ab

99 2079 264 2158 analogia.

139 2161 227 2220 inter
254 2159 380 2228 me‘ram
410 2173 690 2256 univocationem,
710 2204 784 2265 quae
813 2193 902 2258 idem
931 2219 1055 2269 nomen
1084 2217 1118 2274 91

99 2239 254 2300 eamdem
270 2246 412 2308 entitatis
426 2257 764 2343 rationemimportat‚
777 2278 810 2333 et
821 2281 1118 2355 aequivocationem

98 2334 174 2394 quae
190 2321 280 2382 idem
293 2341 414 2388 nomen
431 2337 464 2392 et
478 2337 638 2402 rationem
651 2351 793 2412 entitatis
804 2360 936 2422 omnino
952 2366 1116 2434 diversam

98 2397 188 2472 dicit,
210 2405 373 2478 reperitur
393 2414 653 2498 conceptaque
675 2427 816 2493 hahetur
839 2443 970 2514 quando
996 2450 1116 2514 eadem

96 2495 181 2540 voce
216 2483 311 2558 plura
334 2486 463 2552 diversa
497 2497 643 2572 quidem,
681 2509 742 2570 sed
773 2515 982 2593 aliquatenus
1005 2535 1116 2594 tamen

98 2560 227 2628 similia,
253 2563 479 2644 designantur.
504 2579 675 2644 Terminus
690 2593 851 2670 onnlopns
865 2600 1025 2679 significat
1041 2616 1113 2690 qui-

99 2638 178 2698 dem
194 2641 317 2718 aliquid
341 2649 490 2723 pluribus
516 2674 702 2742 commune,
720 2671 781 2732 sed
797 2680 920 2742 tantum
945 2691 1055 2762 quoad
1070 2696 1113 2754 si-

99 2719 320 2784 militudinem
344 2733 533 2806 quamdam,
549 2741 607 2813 uti,
625 2761 655 2806 v.
681 2765 731 2827 gr,
750 2769 825 2814 cum
850 2776 911 2834 pes
937 2765 1055 2832 dicitur
1072 2775 1115 2837 (19

99 2797 188 2874 pede
204 2805 365 2877 animalis,
391 2809 432 2870 de
447 2814 534 2889 pede
559 2826 679 2886 montis
695 2831 786 2893 etde
812 2840 898 2911 pede
924 2848 1087 2914 columnae
1106 2877 1112 2917 :

99 2879 209 2956 agitur
225 2882 268 2942 de
282 2886 382 2948 rebus
398 2893 533 2968 quidem
549 2898 698 2979 diversis,
715 2927 790 2986 quae
808 2921 918 2983 tamen
932 2925 1017 2992 hano
1030 2934 1116 2996 inter

98 2966 689 3098 9ῗ9911111911111111111911,1111111
709 3007 785 3065 pars
806 2996 944 3064 inferior
970 3017 1004 3072 91
1026 3014 1116 3078 basis

100 3053 118 3097 a
132 3039 240 3118 icujus
254 3044 311 3104 rei.

136 3120 297 3201 Analogia
320 3131 520 3202 potestesse
546 3155 606 3214 per
627 3149 870 3219 attributionem
891 3165 943 3225 vel
967 3185 1027 3244 per
1038 3191 1115 3249 pro·

91 3200 287 3272 portionem.
304 3205 463 3288 Analogia
478 3220 696 3286 attributionis
709 3229 851 3297 habetur
865 3257 940 3304 cum
958 3253 1115 3316 terminus

97 3277 222 3372 aliquid
230 3284 413 3362 principale
423 3292 596 3374 signifieat,
610 3302 651 3363 ad
663 3311 755 3383 quod
764 3315 827 3376 alia
839 3325 1017 3397 quemdam
1029 3335 1116 3396 ordi-

96 3373 175 3420 nem
197 3364 380 3440 mvolvunt,
398 3375 430 3430 et
455 3389 496 3434 cx
520 3395 585 3456 qno
612 3385 646 3443 in
669 3387 742 3450 haec
768 3400 923 3471 quaedam
950 3407 1116 3477 derivatur

128 3461 162 3524 (ll
178 3463 273 3516 Utrum
284 3465 361 3536 detur
372 3475 492 3541 'analogia
505 3497 564 3552 vere
578 3490 604 3534 et
622 3491 727 3561 proprie
741 3495 846 3551 distinct

97 3527 123 3570 et
136 3524 340 3634 aequivocanone
353 3533 391 3583 dis
410 3540 514 3590 ulabant
527 3545 588 3594 olim
602 3548 738 3608 dialecttc‘.

98 3583 126 3633 S.
142 3586 163 3634 T
183 3601 241 3636 oma
255 3590 367 3660 affirmat
399 3598 651 3680 istinctionemquia
668 3617 734 3668 ratio
748 3624 855 3690 analoga
862 3635 907 3699 'est
924 3637 1017 3697 partim
1028 3643 1115 3694 eadem

98 3649 125 3694 91
151 3647 247 3711 partim
272 3651 386 3727 (1119199,
409 3659 467 3732 dum
494 3664 521 3714 in
542 3685 656 3739 univocis
682 3681 722 3730 191
748 3686 882 3749 aequivocis
899 3701 940 3746 est
965 3699 1116 3767 simpliciter

99 3707 189 3759 eadem
203 3711 244 3762 vel
258 3717 405 3782 smpnuter
419 3723 520 3778 diversa
533 3737 599 3783 ratio
612 3743 659 3801 p'cr
671 3753 765 3794 nomen
779 3751 914 3818 analogum
928 3773 1054 3826 expressa.
