2650 4242
309 266 508 312 unsaramma
529 269 613 323 cun„
631 266 686 313 suu
711 267 884 312 onnonoou.
1044 252 1101 314 221

85 387 136 441 tas
147 384 318 443 constituit
330 380 582 442 fundamentum
597 380 765 443 relationis
779 383 889 453 realis,
907 381 999 459 quod
1023 398 1103 459 pro-

83 460 163 522 inde
179 465 310 521 nonest
324 462 386 523 nisi
407 462 516 539 logice
543 478 657 534 unum,
675 476 736 521 seu
759 471 808 522 est
822 478 907 522 unus
925 468 1105 539 conceptus

84 541 137 601 cui
151 542 359 618 respondent
374 541 445 602 duae
466 542 633 602 realitates
655 542 812 603 distinctae
838 542 871 601 in
895 544 1062 602 extremis.

124 621 205 679 ilinc
220 618 469 681 fundamentum
483 620 652 682 relationis
675 622 772 681 realis
793 637 861 680 non
891 627 941 683 est
970 621 1105 682 realiter

81 715 199 773 unum,
215 700 277 761 sed
298 699 387 760 reale
417 703 521 761 estin
551 702 704 768 extremis
731 701 895 761 relationis
923 702 1004 779 (377,
1034 697 1101 777 2⁰):

83 796 102 837 v
132 796 167 857 g.
185 784 302 840 natura
314 781 457 839 humana
472 782 505 840 in
520 780 616 841 Petro
632 783 666 839 et
680 780 777 840 Paulo
801 796 867 839 non
891 787 940 840 est
953 796 1019 839 una
1041 780 1104 840 nisi

83 858 269 919 secundum
303 864 514 935 conceptum,
539 862 615 919 dum
645 864 696 919 est
720 858 842 935 aliquid
856 860 945 919 reale
960 862 994 921 in
1009 860 1102 920 Petro

83 944 118 997 et
139 939 252 999 Paulo.
282 939 484 1000 Contrarium
514 940 674 1016 contingit
697 942 731 999 ln
752 939 911 999 relatione
927 939 1045 1018 logica,
1068 939 1103 997 in

83 1034 151 1095 qua
164 1016 415 1079 fundamentum
431 1019 624 1079 estrealiter
636 1035 750 1091 unum,
769 1019 845 1079 dum
861 1026 1006 1078 extrema
1020 1019 1102 1078 rela-

83 1099 184 1157 tionis
199 1113 265 1159 non
279 1103 355 1157 sunt
368 1098 499 1159 realiter
512 1100 618 1175 plura,
640 1098 802 1177 siquidem
829 1101 880 1159 est
906 1112 1008 1158 unum
1043 1113 1102 1159 ens

83 1176 177 1253 quod
200 1176 244 1237 ad
257 1180 470 1253 semetipsum
490 1179 642 1238 refertur.

123 1258 384 1317 Fundamentum
406 1258 598 1328 identitatis
613 1262 651 1317 ut
665 1262 756 1332 patet
778 1270 819 1315 ex
842 1254 947 1322 dictis,
973 1259 1023 1315 est
1032 1256 1101 1317 hac

83 1339 201 1396 entitas
222 1338 256 1395 in
272 1353 337 1412 qua
350 1338 444 1412 plura
472 1339 682 1407 conveniunt,
707 1342 799 1395 etex
828 1336 890 1395 hac
913 1335 1101 1397 diversitate

82 1414 292 1476 fundamenti
306 1420 453 1495 exsurgit
467 1415 595 1477 diversa
610 1416 773 1477 identitas.

124 1494 256 1555 381-
284 1494 440 1557 identitas
456 1496 610 1557 dividitur
630 1498 663 1556 in
686 1494 887 1573 genericam,
918 1492 1103 1570 specificam
1174 1518 1176 1527 =

84 1579 119 1633 et
133 1576 347 1635 numericam.

128 1657 158 1713 l⁰
173 1656 295 1713 Dicitur
308 1657 459 1729 penertca
471 1652 603 1731 quando
613 1654 705 1731 plura
720 1654 962 1713 conveniunttn
974 1668 1102 1729 pene-re,

84 1748 205 1809 nempe
222 1732 353 1809 quando
376 1734 494 1793 entitas
506 1733 688 1794 communis
702 1736 751 1791 est
764 1747 884 1809 genus.

123 1813 157 1871 2⁰
178 1814 302 1873 Dicitur
311 1814 469 1888 specifico,
493 1812 626 1890 quando
644 1813 739 1888 plura
755 1812 954 1872 conveniunt
968 1812 1001 1869 in
1023 1824 1103 1886 spe·

86 1894 148 1959 cie,
164 1894 312 1953 nimirum
329 1892 462 1968 quando
479 1896 594 1953 entitas
617 1888 796 1951 communis
813 1895 864 1951 est
879 1892 1018 1966 species

126 1970 293 2040 identitas,
308 1973 376 2032 sive
398 1973 564 2050 generice,
581 1974 650 2032 sive
666 1969 829 2047 specifica,
866 1969 984 2029 dicitur
1005 1966 1103 2029 etiam

83 2050 272 2111 essentialis.

123 2131 154 2189 3³
178 2129 333 2190 identitas
356 2130 472 2192 dicitur
491 2132 672 2203 numerica,
703 2127 836 2207 quando
867 2131 995 2188 constat
1014 2126 1103 2187 rela-

83 2208 172 2269 tione
188 2209 306 2286 logica‚
322 2224 383 2269 seu
399 2227 473 2270 cum
487 2211 599 2286 plures
611 2216 792 2286 conceptus
807 2213 883 2268 sunt
903 2206 1038 2267 identici
1052 2221 1103 2267 se-

81 2287 226 2349 cundum
248 2287 448 2350 individuam
469 2289 518 2349 rei
540 2290 720 2349 entitatem.

124 2367 264 2441 Quando
279 2370 370 2445 plura
387 2372 587 2430 conveniunt
608 2368 813 2445 inqualitate
836 2372 891 2425 aut
906 2365 1101 2441 quantitate,

82 2463 198 2507 eorum
207 2446 363 2509 identitas
377 2451 509 2525 proprie
532 2450 650 2510 dicitur
661 2444 836 2508 similitudo
852 2449 910 2505 aut
922 2443 1101 2521 aequalitas.

435 2552 468 2599 ll.
484 2551 522 2599 De
536 2548 700 2599 distinctione
713 2550 759 2612 (a).

124 2648 195 2709 385.
214 2682 251 2691 -
266 2648 430 2709 identitati
447 2648 625 2725 opponitur
640 2646 814 2719 distinctio,
843 2650 881 2705 ut
908 2642 1051 2704 exclusio
1067 2642 1102 2704 il·

82 2728 159 2788 lius.
176 2728 342 2789 Distinctio
364 2732 475 2804 potest
496 2726 648 2789 definiri:
666 2728 811 2788 curantia
825 2724 973 2801 quadum
991 2723 1100 2782 unitu-

82 2810 124 2868 tic
139 2809 225 2868 inter
240 2808 353 2883 pluro.
372 2808 450 2867 Hinc
466 2806 642 2879 distinctio,
660 2808 754 2867 sicuti
769 2805 931 2873 identitas
951 2808 1000 2862 est
1015 2816 1100 2879 quae·

82 2885 163 2947 darn
183 2888 309 2960 relatio,
336 2887 500 2963 siquidem
527 2903 588 2962 per
617 2903 688 2947 eam
717 2889 772 2945 re‘s
796 2880 874 2946 dicit
895 2881 1042 2944 ordinem
1059 2880 1103 2943 ad

83 2964 185 3025 aliud.
204 2967 274 3041 Qua
290 2966 332 3027 de
361 2982 494 3027 causaa
515 2966 666 3042 pluribus
695 2964 901 3025 Scholasticis
917 2959 1070 3021 definitur
1095 3010 1102 3023 ,

82 3045 199 3106 relatio
214 3045 509 3107 transcendentalts
531 3060 595 3122 qua
610 3042 734 3121 aliquid
750 3042 866 3105 dicitur
880 3041 919 3102 ab
935 3042 1036 3101 altero
1053 3040 1103 3101 di·

81 3124 227 3185 versum.
258 3126 395 3204 Semper
414 3126 569 3202 importat
589 3125 800 3204 negationem
827 3120 1006 3183 identitatis
1028 3122 1104 3196 plu·
1182 3198 1184 3202 Α

82 3221 182 3265 rrum,

124 3283 195 3345 386.
219 3284 390 3346 —Divisio
407 3282 623 3344 distinctionis
637 3282 744 3359 prima
772 3287 804 3342 et
819 3280 988 3357 adaequata
1004 3278 1103 3339 estin

83 3362 328 3425 distinctionem
342 3364 477 3430 realem,
495 3367 529 3423 et
550 3361 694 3423 rationis.

127 3444 156 3503 1⁰
177 3442 346 3503 Distinctio
371 3444 473 3504 rectis
488 3446 536 3502 est
559 3442 704 3503 carentia
731 3439 863 3501 unitatis
884 3440 982 3499 realis
1017 3436 1103 3498 inter

83 3523 180 3597 plura
193 3522 340 3601 objecta;
357 3540 387 3584 v.
411 3539 444 3601 g.
461 3521 621 3583 distinctio
637 3522 722 3582 Petri
736 3537 755 3581 a
769 3520 881 3580 Paulo.
897 3517 1021 3579 Dicitur
1035 3514 1102 3577 dis·

115 3650 153 3714 (a)
167 3651 200 3701 D.
216 3649 525 3714 thumnensium.
541 3648 566 3711 l,
580 3653 630 3701 art.
645 3648 675 3710 33
690 3646 756 3699 ibid.
771 3646 833 3696 dist,
851 3660 903 3704 xix,
918 3658 960 3708 qu.
975 3642 1000 3704 5,
1015 3644 1066 3692 art,
1078 3641 1102 3693 l.
