2650 4242
420 205 421 209 ’
468 216 472 220 “
533 226 649 270 noetus
670 224 743 268 raas
766 227 785 268 1.
1131 203 1171 267 55

144 339 183 404 in
206 341 343 404 diversis
375 339 499 420 figuris.
525 343 554 402 l⁰
581 339 708 400 Vocalis
735 342 869 409 llnulla
897 339 1036 402 afficitur
1058 339 1168 399 littera

146 439 221 500 quaa
249 421 393 500 aliquam
413 421 544 482 indicet
567 420 817 482 conversionem
846 427 904 482 aut
933 420 1164 482 mutationem.

146 500 216 564 Sed
228 502 260 562 2³
274 501 435 562 vocalisA
456 500 599 563 litteraP
626 498 775 571 afficitur,
804 517 874 579 quae
912 504 1006 563 notat
1031 514 1166 561 conven

146 582 277 643 sionem
291 597 352 658 per
366 579 539 652 accidens;
556 580 632 641 hinc
648 580 828 656 propositio
845 583 952 642 minor
968 580 1070 641 debet
1085 595 1166 640 con-

145 661 242 729 verti,
273 665 307 724 et
327 661 373 722 sic
401 660 564 723 habemus
589 660 728 734 :alioue
754 662 932 721 substantio
959 667 1004 724 est
1026 657 1162 720 animat.

145 739 296 803 Tandem
310 742 341 802 3⁰
355 740 477 802 vocalis
492 740 503 800 l
520 740 609 801 nullo
634 737 776 800 afficitur
805 742 899 819 signo
923 740 1067 820 aliquam
1087 753 1164 798 oon-

145 820 334 883 versionem
349 823 405 881 aut
419 821 636 882 mutationem
650 818 830 894 indicante,
843 837 880 881 ac
892 821 1032 896 proinde
1045 817 1161 878 ultima

145 901 328 978 propositio
359 898 477 962 eadem
505 902 668 966 remanet,
679 898 874 962 reductione
885 906 1030 978 peracta,
1052 904 1085 964 et
1109 897 1157 958 sic

147 985 290 1060 exurget
312 995 458 1058 sequens
474 980 685 1060 syllogismus
706 979 739 1042 in
753 981 852 1042 Darn.

184 1160 209 1220 l.
223 1141 280 1238 fig.
299 1158 325 1218 Α
341 1157 448 1218 Omne
464 1157 591 1218 animat
613 1160 663 1218 est
678 1173 780 1218 sensu
794 1157 981 1234 preditum3

306 1241 333 1298 1.
350 1237 448 1298 Porro
465 1236 574 1314 aliqua
594 1235 778 1298 substantia
786 1242 843 1298 est
855 1239 990 1311 animat,

306 1318 329 1376 l.
343 1318 437 1404 'Ergo
454 1316 563 1393 aliqua
574 1317 756 1378 substantia
773 1321 824 1378 est
837 1332 939 1379 sensu
952 1318 1098 1394 predita.

182 1484 219 1544 ln
240 1483 304 1543 hoc
319 1481 510 1561 syllogismo
526 1481 671 1555 medius,
694 1487 745 1544 est
768 1482 955 1558 subiectum
969 1484 1104 1563 majoris
1126 1487 1160 1546 et

138 1564 336 1626 attributum
350 1563 499 1634 minoris,
517 1579 556 1623 ac
571 1561 712 1639 proinde
727 1563 893 1623 conclusio
909 1567 960 1624 est
975 1565 1110 1638 directa„
1124 1568 1158 1626 et

137 1644 355 1724 syllogismus
370 1641 515 1718 pertinet
536 1641 578 1702 ad
601 1642 741 1720 primam
762 1640 913 1722 figuram.

185 1723 310 1786 Omnes
325 1721 488 1796 ejusmodi
502 1723 741 1799 preceptiones
751 1722 784 1783 in
798 1724 891 1799 praxi
904 1738 972 1783 non
980 1727 1157 1787 maximam
1275 1749 1278 1752 ⁴

138 1803 267 1866 habent
287 1802 475 1872 utilitatem
499 1799 590 1861 unde
611 1801 752 1864 historiae
773 1801 997 1864 memorandae
1018 1818 1116 1864 causa
1137 1817 1158 1864 a

137 1882 235 1946 nohis
255 1882 401 1945 breviter
415 1879 613 1944 referuntur.

501 2059 718 2124 ARTICULUS
742 2061 793 2122 tv.

189 2247 354 2310 necares
374 2246 538 2323 speciebus
552 2248 846 2323 argumentationis
858 2261 922 2307 ron
938 2247 1108 2323 simplicis.

180 2404 231 2467 78.
249 2436 287 2446 -
303 2403 466 2480 Quaedam
481 2402 600 2464 dantur
614 2406 921 2482 argumentationes
937 2417 1013 2480 quae
1039 2405 1152 2466 asim-

134 2484 284 2564 plioitate
300 2489 356 2544 aut
370 2483 559 2561 integritate
575 2483 760 2562 syllogismi
775 2482 941 2560 simplicis,
960 2486 1016 2560 qui
1030 2501 1153 2561 propo-

135 2565 310 2630 sitionibus
320 2563 522 2640 simplicibus
538 2567 666 2624 tantum
681 2566 818 2637 constat,
832 2563 1070 2639 aliquantulum
1080 2564 1154 2626 des·

135 2647 279 2708 discunt.
308 2645 381 2703 istae
411 2643 716 2723 argumentationes
744 2642 787 2704 ad
822 2641 989 2720 duplicem
1015 2645 1154 2706 classem

133 2723 285 2787 revocari
298 2725 439 2802 possunt
468 2741 477 2785 ε

180 2807 211 2867 1⁰
227 2805 309 2864 Sunt
322 2803 627 2883 argumentationes
647 2816 722 2878 quae
745 2802 849 2864 trihus
874 2804 1001 2862 tantum
1026 2803 1152 2864 coales-

135 2887 218 2946 cunt
231 2883 521 2962 propositionibus,
540 2885 573 2941 et
597 2883 643 2942 sic
656 2879 795 2941 formam
816 2881 1028 2942 essentialem
1052 2883 1152 2962 syllo-

135 2964 234 3044 gismi
256 2963 408 3039 explicite
444 2959 607 3034 referunt3
642 2959 704 3022 sed
737 2962 892 3021 alterutra
925 2967 983 3022 aut
1016 2967 1154 3039 utraque

134 3041 308 3122 praemissa
337 3049 386 3102 est
412 3041 594 3119 propositio
623 3041 819 3118 composita3
850 3040 926 3103 hinc
955 3045 1156 3102 constituunt

134 3122 366 3204 syllogismum
380 3123 603 3196 compositam.
863 3177 865 3182 ,
954 3164 961 3171 ,

174 3204 209 3264 2⁰
224 3200 385 3278 Quaedam
410 3205 487 3261 sunt
501 3202 803 3278 argumentationes
828 3213 903 3277 quae
930 3202 1000 3259 turn
1026 3197 1155 3261 duabus

134 3285 207 3343 tum
231 3284 385 3359 quatuor,
408 3281 567 3358 quinque,
586 3285 663 3352 etc„
682 3282 838 3338 constant
852 3279 1151 3356 propositionibus3

134 3361 341 3423 constituunt
362 3376 442 3438 ergo
461 3360 624 3420 rationem
649 3357 903 3436 argumentandi
926 3359 1033 3436 magis
1056 3373 1151 3419 rece-

135 3440 273 3504 dentem
288 3455 308 3501 a
322 3438 427 3501 forma
442 3437 624 3519 syllogismi
644 3437 812 3513 simplicis,
843 3439 899 3514 qui
920 3437 1038 3498 haberi
1053 3438 1155 3498 dehet

133 3525 171 3583 ut
195 3519 391 3600 paradigma
414 3517 719 3598 argumentationis,
746 3533 807 3578 seu
830 3517 1156 3596 argumentationem

135 3602 207 3660 Κατ’
223 3599 319 3680 εξοχην
335 3598 479 3662 exhibet.
