2650 4242
310 279 508 326 nnrxrnrsroa
529 281 615 336 osu„
638 276 695 324 sau
718 259 904 325 oxrononn'
1042 263 1097 322 175

122 393 158 452 2·
167 408 263 468 pars.
276 391 492 452 Nihilominus
505 390 632 451 ratione
647 387 861 467 distinguitur
876 404 951 450 oum
979 379 1097 460 funda-

82 476 200 532 mento
214 475 307 544 inre,
323 486 400 531 narn
418 474 446 532 l⁰
460 477 640 546 conceptus
652 471 800 530 essentie
814 485 882 530 non
898 473 948 530 est
964 469 1102 530 idemne

83 559 268 628 conceptus
283 553 460 625 existentia
482 565 543 610 seu
557 563 625 609 non
645 549 763 610 iisdem
776 550 861 610 notis
877 553 1005 610 constat
1021 549 1103 610 defi-

81 631 164 692 nitio
183 633 333 692 essentiae
357 636 390 690 et
411 629 555 691 definitio
572 629 765 701 existentiam
784 628 905 689 deinde
928 631 959 689 2⁰
980 631 1106 690 contin-

82 713 201 790 gentia
212 711 448 773 senactualitas
460 725 531 788 quae
542 713 591 769 est
602 708 644 769 de
654 707 779 768 ratione
791 707 954 787 ejusmodi
965 710 1103 771 existen-

85 794 148 864 tie,
164 791 354 868 suppeditat
375 789 629 852 fundamentum
644 787 870 858 distinctionis,
892 804 968 850 cum
991 805 1103 849 essen-

86 872 145 941 tia,
175 874 289 944 uteie,
315 870 506 947 preseindat
527 884 546 928 a
567 867 790 948 contingentia
817 884 878 928 seu
901 869 1099 935 actualitate.

84 951 128 1011 Er
153 968 185 1010 0.
1015 969 1018 975 ¹

127 966 200 1092 {aa
217 1063 256 1072 -
270 1027 378 1089 Schot.
399 1028 566 1088 Sententia
580 1027 818 1088 Thomistarum
832 1027 1011 1088 adstruitur
1025 1044 1101 1102 prae-

86 1111 204 1170 sertim
219 1124 314 1170 exeo
331 1108 420 1186 quod
436 1108 578 1168 essentia
589 1107 687 1167 realis
698 1113 729 1168 ct
745 1108 917 1168 existentia
933 1107 1101 1185 quoddam

89 1191 310 1266 compositum
331 1189 505 1249 ellormant
526 1188 559 1247 in
586 1203 651 1264 quo
678 1188 823 1247 essentia
846 1203 882 1248 se
905 1187 1045 1248 haberet
1066 1192 1103 1246 nt

87 1271 238 1346 potentia
264 1269 400 1346 physica
428 1266 473 1328 ad
498 1281 572 1326 esse
597 1266 723 1326 actuale
752 1265 992 1342 recipiendum,
1023 1267 1103 1328 dum

88 1348 262 1408 existentia
274 1352 363 1408 esset
378 1350 470 1406 actus
486 1361 551 1422 quo
566 1346 633 1406 haec
648 1348 796 1422 potentia
811 1347 1033 1423 compleretur
1048 1347 1104 1424 (l).

130 1427 198 1489 Sed
208 1428 271 1489 boc
293 1433 524 1505 argumentum
538 1439 606 1485 non
621 1427 720 1502 cogit.
733 1427 862 1487 Etenim
875 1426 957 1487 illud
972 1444 1104 1502 compo-

88 1507 189 1568 situm
198 1524 265 1568 non
280 1511 391 1584 potest
406 1522 480 1566 esse
495 1505 558 1565 nisi
570 1505 852 1584 metapliysioum3
869 1521 946 1566 nam
962 1509 1104 1567 essentia

88 1603 158 1648 non
172 1593 282 1663 potest
296 1586 425 1662 concipi
435 1587 468 1647 in
482 1586 638 1661 potentia,
656 1584 832 1663 quominus
847 1586 1049 1662 concipiatur
1068 1593 1106 1646 ut

88 1666 254 1742 possibilis
269 1681 330 1726 seu
350 1665 477 1740 tricolis,
494 1665 658 1741 siquidem
674 1667 817 1726 essentia
830 1666 928 1726 realis
943 1666 983 1727 ab
1005 1666 1105 1727 ideali

90 1746 301 1827 distinguitur
313 1751 350 1806 ut
365 1761 424 1806 ens
443 1745 479 1805 in
492 1751 568 1804 actu
581 1745 622 1804 ab
639 1750 715 1806 ente
729 1745 762 1805 in
782 1745 940 1821 potentia,
961 1745 1059 1825 Ergo.

383 1877 448 1942 §ll
463 1877 504 1930 De
523 1876 591 1930 ente
603 1874 737 1946 possibili
757 1874 768 1944 (
787 1875 809 1944 ).

248 2018 252 2026 ·
342 1999 362 2048 1.
379 1997 444 2058 Quid
456 2003 483 2048 et
495 1999 635 2062 quotuplex
648 1997 682 2047 sit
694 1996 861 2063 possibilitas?

129 2117 201 2180 290.
217 2114 366 2190 —Quod
383 2118 502 2187 existit,
527 2115 691 2176 existendi
716 2133 819 2193 capax
834 2123 904 2178 erat
926 2122 1104 2197 antequam

91 2198 259 2259 existeret.
283 2198 381 2257 Prout
397 2197 577 2272 concipitur
596 2194 719 2273 aliquid
743 2202 779 2257 ut
804 2198 964 2258 exlstendi
989 2215 1103 2276 capax,

89 2277 153 2339 sed
167 2274 318 2337 nondum
333 2278 487 2348 existens,
505 2275 624 2338 dicitur
635 2277 786 2349 possibile
797 2299 806 2346 ,·
818 2277 1017 2354 possibilitas
1041 2280 1102 2358 igi-

90 2363 144 2419 tur
156 2355 247 2418 idem
263 2363 312 2417 est
326 2360 426 2433 atque
441 2357 586 2430 opt-itudo
602 2358 646 2417 ad
657 2357 871 2428 arcersiendum,¹
881 2357 915 2418 id
927 2375 1002 2422 vero
1016 2359 1105 2437 quod

89 2453 160 2498 non
176 2442 227 2497 est
240 2439 274 2495 ct
288 2451 361 2496 esse
377 2441 497 2512 potest,
511 2435 664 2509 possibile
674 2452 797 2508 parom
812 2435 937 2499 dicitur.

130 2519 203 2580 291.
220 2550 259 2558 -
273 2515 472 2576 Possibilitas
496 2518 547 2574 est
565 2514 701 2590 duplex,
728 2515 852 2576 scilicet
876 2519 904 2576 1ο
927 2519 1122 2580 intrinseca.

89 2614 153 2736 se?
174 2597 327 2672 formatis
342 2600 399 2656 aut
412 2593 569 2669 absoluta,
580 2595 614 2655 2⁰
629 2594 811 2656 extrinseca
827 2611 888 2657 seu
900 2598 1038 2659 causatis
1050 2605 1105 2659 aut

89 2694 127 2738 rc
143 2679 245 2736 atico.

129 2754 328 2816 Possibilitas
341 2756 514 2815 c'otrtnscca
529 2757 578 2814 est
592 2753 740 2829 aptitudo
757 2752 799 2814 ad
815 2754 1020 2822 existendum
1034 2764 1104 2818 orta

91 2851 191 2896 exeo
214 2833 305 2911 quod
322 2835 370 2895 rel
395 2832 600 2894 constitutiva
623 2837 876 2912 repugnantiam
898 2835 940 2895 ad
964 2837 1104 2898 invicem

121 2954 156 3015 (1)
171 2955 211 3002 Ita
224 2952 257 3002 D.
268 2952 359 3020 uallet,
375 2952 454 3001 Prael.
467 2951 514 3016 ph.
531 2954 585 3020 ont.
595 2964 656 3018 pars
670 2953 681 3020 ΙΙ
695 2967 719 3001 a.
733 2951 749 3000 3
763 2965 799 3000 :sc
815 2950 886 3002 Siout
892 2957 1014 3016 potentio
1026 2959 1052 3004 et
1065 2971 1108 3005 ac-

88 3021 143 3076 tus,
152 3017 188 3064 ita
198 3019 307 3063 essentia
315 3020 341 3062 et
347 3013 481 3063 existentia
490 3013 554 3060 reali
564 3012 710 3061 discrimine
721 3020 888 3062 secernuntur
897 3034 911 3062 s
920 3032 927 3075 ;
936 3021 1023 3065 tamen
1032 3023 1106 3066 antea

88 3079 173 3127 fassus
186 3080 226 3125 est
240 3093 254 3119 α
275 3090 327 3124 non
343 3075 384 3138 agi
408 3077 439 3123 de
453 3072 563 3124 essentia
585 3075 714 3124 abstracta
735 3080 760 3124 et
775 3090 848 3124 mere
866 3079 1017 3138 possibili...
1033 3097 1046 3124 s
1070 3082 1106 3128 At

88 3137 254 3204 potissimum
267 3136 295 3184 in
308 3136 511 3200 probationibus,
524 3141 646 3200 perpetuo
659 3135 792 3186 confundit
806 3141 940 3188 essentiam
964 3139 1106 3205 possibilem

89 3215 150 3250 cnm
163 3199 274 3248 essentia
286 3199 351 3247 reali
366 3204 392 3248 et
405 3199 518 3263 physica,
536 3198 568 3246 de
591 3214 641 3261 qna
663 3197 736 3247 unice
758 3198 853 3262 agitur,
876 3217 920 3249 ceu
941 3200 994 3266 ipse
1010 3217 1106 3250 monet.

87 3261 194 3314 Etenim
208 3259 397 3310 distinctionem
410 3261 504 3310 realem
519 3260 722 3323 probat1⁰qnia
740 3262 874 3310 existentia
893 3278 944 3311 non
964 3263 1107 3325 ingreditur

89 3322 238 3382 essentiam,
248 3336 306 3372 cnm
321 3323 439 3384 definitio
452 3322 568 3371 essentiae
581 3337 634 3370 uon
646 3320 759 3371 includat
773 3321 944 3374 definitionem
953 3323 1106 3386 existentiae3

88 3387 117 3436 2·
131 3385 194 3451 qnia
207 3384 250 3434 illa
264 3388 324 3433 sunt
334 3385 448 3432 realiter
460 3382 580 3432 distincta
593 3399 650 3448 quae
663 3385 733 3432 notis
746 3382 852 3434 diversis
873 3387 1106 3450 apprehenduntur,

89 3454 117 3498 et
138 3447 198 3512 quia
218 3443 353 3495 existentia
376 3449 415 3494 est
428 3444 487 3508 quid
506 3444 543 3494 rei
564 3443 744 3494 intrinsecum!
767 3446 848 3509 Igitur
869 3449 908 3496 vel
921 3463 986 3512 pura
1002 3449 1105 3512 petitio-

89 3525 125 3559 ne
139 3508 268 3573 principii,
279 3508 321 3556 vel
339 3507 485 3557 confusione
502 3506 569 3556 inter
583 3507 720 3556 essentiam
737 3506 890 3559 abstractam
908 3515 934 3559 et
949 3511 1045 3561 realem
1062 3526 1106 3560 as·

88 3576 219 3638 sumptum
227 3569 327 3635 probat.

123 3673 161 3733 (c)
177 3671 204 3720 S.
219 3671 311 3720 Thom.
326 3684 352 3734 p.
370 3667 391 3719 1.
407 3683 449 3734 qn,
464 3667 503 3732 25,
518 3671 567 3720 art
584 3668 615 3731 33
629 3668 657 3718 in
671 3681 699 3718 rx
714 3669 887 3734 Metapbpsc'c.
901 3669 959 3720 leot.
975 3669 1010 3725 3,·
1081 3692 1084 3697 >
