2650 4242
200 217 256 277 tat
507 229 688 273 enarrantur
708 227 910 272 earuosorana

238 348 366 409 Etenim
387 345 496 424 agitur
518 343 560 404 de
582 342 669 406 facto
699 343 858 404 sensibili.
890 343 988 420 Atqui
1019 347 1056 403 ut
1087 346 1216 404 constet

197 428 241 489 de
262 427 401 488 scientia
424 428 556 487 testium
578 429 733 502 respectu
755 423 919 504 eJ'usmodi
934 423 1022 494 facti,
1038 420 1158 483 sufficit
1179 426 1216 482 ut

200 514 289 573 certo
310 510 454 566 sciamus
480 509 508 567 1⁰
529 520 648 564 sensus
663 521 786 573 eorum,
798 505 900 566 fuisse
924 507 1017 565 recte
1040 503 1217 580 dispositos

197 594 234 649 at
254 589 287 648 2³
308 589 546 647 convenienter
566 585 740 645 adhibitos.
1004 653 1006 658 ¹

238 669 390 728 lamvero
416 669 445 727 1υ
465 669 494 726 si
516 671 617 726 testes
652 672 729 724 sunt
749 662 1080 739 multi,'impossibiie
1109 665 1218 722 estut

199 763 320 808 sensus
342 747 491 807 omnium
511 747 544 804 in
568 743 688 805 eodem
702 746 778 804 vilio
795 744 892 803 simul
909 740 1215 820 deprehendantur.

201 827 370 897 Preterea,
393 827 420 885 si
441 830 599 901 ageretur
629 824 671 885 de
702 825 786 884 facto
820 821 911 900 quod
941 823 1067 900 percipi
1101 825 1219 898 posset

200 907 302 966 etiam
324 907 365 965 ab
388 905 428 965 iis
452 907 508 981 qui
532 905 794 965 habentsensus
815 905 925 980 aliquo
953 902 1030 964 vitio
1061 903 1216 973 infectos,

202 1004 233 1049 v.
266 1000 331 1063 gr,
369 983 411 1045 de
443 985 617 1045 existentia
644 983 784 1063 alicujus
811 983 959 1056 civitatlS,
982 982 1084 1042 multo
1107 982 1219 1042 minus
1314 1003 1315 1066 t

201 1072 292 1127 esset
313 1065 496 1140 periculum
517 1064 646 1124 erroris.
1206 1109 1208 1112 .
1314 1119 1315 1162 1

241 1147 273 1205 2¹⁴
296 1145 451 1204 Dubitare
474 1144 573 1203 etiam
593 1159 660 1203 non
683 1159 859 1218 possumus
887 1143 968 1220 quin
999 1158 1118 1202 sensus
1146 1139 1221 1202 dih-

209 1228 328 1304 genter
358 1224 586 1294 adhibeantur,
618 1224 646 1284 si
677 1224 785 1300 agitur
815 1223 857 1284 de
881 1221 967 1283 facto
1009 1222 1140 1298 publico
1187 1223 1224 1280 el
1314 1235 1315 1272 t

202 1305 320 1372 illustri
337 1304 426 1380 quod
446 1301 579 1384 fragose
593 1310 780 1381 spargatur,
805 1309 839 1365 et
859 1302 966 1365 vivide
982 1301 1078 1362 feriat
1092 1301 1224 1362 animos

207 1385 444 1444 contuentium.
1314 1357 1315 1420 l

245 1464 383 1540 insuper
403 1466 430 1524 si
451 1465 539 1523 inter
560 1466 662 1523 testes
684 1469 795 1523 essent
817 1463 969 1523 homines
991 1459 1169 1538 prudentia
1190 1461 1226 1518 et
1314 1475 1315 1512 1

204 1544 567 1619 solertiapraestantes,
591 1545 647 1619 qui
670 1543 804 1618 adrem
832 1542 1064 1620 inquirendam
1094 1538 1222 1620 gravis·

204 1623 297 1684 simis
318 1623 446 1682 motivis
466 1623 692 1699 incitarentur,
718 1626 824 1702 magis
846 1627 1073 1684 removeretur
1094 1619 1225 1697 pericu·
1314 1599 1315 1662 l

207 1705 278 1764 lum
299 1701 515 1777 deceptionis.
1314 1715 1315 1764 t

249 1783 350 1860 igitur
370 1785 403 1843 in
425 1781 515 1841 hisee
537 1781 702 1860 adjunctis
724 1781 927 1859 impossibile
958 1785 1010 1842 est
1033 1784 1070 1840 ut
1104 1792 1227 1838 sensus
1314 1829 1315 1866 ,

209 1879 276 1923 uon
297 1863 361 1921 sint
382 1860 584 1922 sufficienter
605 1861 753 1937 dispositi
775 1869 808 1923 et
830 1862 1067 1924 convenienter
1088 1855 1229 1920 adhibiti

210 1941 253 2002 ad
275 1942 446 2000 seientiam
466 1939 543 2004 facti
563 1941 799 2018 acquirendam
824 1962 830 2002 :
854 1959 884 2002 v.
908 1958 971 2020 gr,
988 1941 1016 2003 si
1037 1940 1110 2019 quis
1131 1937 1227 1998 dubi·
1314 1953 1315 2024 q

212 2025 296 2082 taret
327 2021 370 2081 de
402 2022 577 2081 existentia
604 2023 711 2082 Roma
737 2023 790 2083 vel
825 2021 961 2082 londini
987 2038 1029 2082 ex
1061 2036 1101 2081 eo
1133 2015 1226 2094 quod

199 2105 325 2168 testes,
359 2101 416 2177 qui
447 2099 571 2160 factum
596 2110 739 2174 narrant,
774 2107 911 2178 possunt
947 2101 1066 2175 decipi,
1103 2099 1155 2158 ille
1190 2101 1229 2156 ut
1314 2067 1315 2138 l

211 2181 368 2256 insipiens
399 2183 514 2242 merito
546 2182 734 2242 haberetur.
762 2183 840 2242 Hinc
875 2181 1051 2258 aliquando
1085 2178 1227 2238 circum·
1314 2185 1315 2256 t

209 2261 337 2320 stantiae
359 2264 436 2320 sunt
460 2261 550 2332 tales,
573 2266 610 2320 ut
631 2278 765 2322 omnem
786 2261 996 2322 formidinem
1018 2258 1230 2336 deceptionis

212 2342 246 2401 in
268 2340 407 2400 testibus
428 2340 526 2415 plene
540 2346 743 2401 removeant.

254 2421 350 2480 Proh.
366 2422 398 2479 2⁵
413 2435 496 2494 pers
509 2421 655 2487 minoris,
681 2421 806 2481 scilicet
827 2419 1004 2497 aliquando
1027 2424 1111 2480 certe
1134 2434 1230 2478 cons·

214 2508 286 2560 tore
296 2516 391 2574 posse
405 2501 443 2558 de
456 2503 584 2560 testium
598 2501 789 2578 veriloquio.
805 2501 933 2561 Etenim
948 2503 975 2562 si
991 2504 1092 2560 testes
1108 2501 1140 2560 1⁰
1150 2501 1233 2558 sunt

213 2581 306 2640 multi
337 2582 443 2650 aetate,
469 2579 614 2651 natione,
641 2581 786 2657 ingenie,
810 2581 937 2651 studiis,
960 2580 1117 2653 moribus
1147 2581 1227 2644 etc,

218 2658 347 2727 diversi,
371 2664 404 2718 et
428 2662 536 2718 tamen
556 2660 590 2719 2‘
614 2676 729 2720 eorum
761 2663 983 2720 testimonium
1009 2663 1050 2722 sit
1072 2663 1230 2719 constans

216 2744 251 2800 et
278 2737 450 2807 uniforme,
483 2738 569 2799 istud
598 2745 753 2818 tanquam
782 2757 894 2800 verum
915 2741 1029 2803 haberi
1051 2738 1163 2800 dehet.
1191 2738 1231 2797 Ul

217 2822 308 2879 esset
329 2817 481 2896 deceptio
502 2819 536 2878 in
559 2821 757 2892 testimonio,
790 2823 1016 2896 requireretur
1046 2832 1231 2880 consensus

218 2897 366 2959 omnium
397 2900 530 2958 testium
552 2899 586 2958 in
608 2900 717 2977 aliquo
744 2899 898 2960 uniformi
920 2899 1102 2962 mendacio.
1132 2895 1232 2975 Atqui

217 2979 252 3038 in
293 2978 382 3036 hisce
421 2977 583 3056 adjunctis
623 2980 827 3041 uniformitas
869 2981 903 3039 in
944 2977 1136 3040 mentiendo
1180 2981 1233 3038 est

218 3057 385 3118 moraliter
405 3056 627 3133 impossibilis
651 3061 816 3137 siquidem

261 3138 292 3198 l⁰
306 3138 407 3196 Homo
430 3152 496 3197 nou
516 3142 626 3213 potest
650 3144 685 3199 ut
706 3141 850 3201 mendax
870 3139 994 3210 haberi,
1014 3139 1092 3216 quin
1110 3139 1233 3198 saltem

219 3217 261 3277 sit
284 3233 343 3292 pro
365 3216 418 3276 illo
434 3216 544 3293 aliqua
564 3219 686 3279 utilitas
707 3220 740 3278 in
762 3219 953 3280 mentiendo
978 3239 986 3280 :
1009 3236 1107 3279 nemo
1131 3218 1233 3296 gratis

219 3300 273 3357 est
292 3296 407 3356 malus.
423 3297 573 3359 lamvero
595 3301 629 3361 in
650 3300 712 3359 hae
727 3299 935 3367 multitudine
952 3303 1095 3368 testium,
1112 3299 1234 3374 impos·

220 3376 314 3436 sibile
343 3381 394 3434 est
426 3381 464 3436 ut
500 3382 602 3437 testes
632 3381 744 3439 cortem
777 3382 951 3455 cupititate
978 3382 1173 3440 moveantur
1201 3379 1233 3437 in

220 3454 430 3529 mentiendo;
455 3472 532 3515 nam
554 3475 595 3518 ex
621 3459 796 3538 hypothesi
829 3459 987 3526 nonnulli,
1011 3475 1078 3518 non
1110 3458 1233 3520 emolu·
1314 3483 1315 3570 p

221 3541 384 3607 mentum,
401 3535 462 3595 sed
484 3538 641 3598 damnum
664 3556 705 3600 ex
726 3539 898 3600 mendacio
916 3539 1132 3600 retraherent.

262 3617 295 3676 2¹
314 3615 473 3676 Praeterea
494 3620 665 3678 coneordia
687 3626 775 3681 esset
799 3621 897 3680 etiarn
917 3619 1139 3696 impossibilis,
1158 3619 1234 3696 quia
1314 3603 1315 3674 l

832 3957 1315 4208 ..ar
