2650 4242
384 177 499 239 166
980 199 1344 245 nREvamu
1385 197 1781 245 ramosomnAE

376 310 667 468 hii-hengs)
702 316 778 374 ut
804 311 963 387 sint;
1024 330 1131 376 res
1189 315 1380 376 aliter
1429 332 1501 377 se
1557 317 1759 378 habet
1814 318 1868 377 si
1924 315 2141 396 agitur
2171 313 2254 376 de
2283 331 2402 377 no-

376 407 553 452 mme
676 437 689 451 .
1536 421 1538 424 >

461 471 535 530 11.
571 470 922 548 Rejicimus
966 476 1416 549 opinationem
1448 474 1780 548 Giobertii,
1815 476 1928 554 qui
1957 474 2404 553 contendebat

381 565 625 611 nomen
656 568 763 611 ens
790 552 911 613 soli
940 553 1077 614 Deo
1112 555 1305 615 tribui
1353 571 1569 630 posse.

461 631 601 691 272.
648 664 727 673 -
776 632 1109 693 scholium
1138 636 1184 694 Ι.
1232 635 1540 696 Rationes
1618 634 1942 713 objective
1973 632 2244 695 diversae
2269 650 2404 695 uno

385 714 713 786 conceptu
731 712 1222 774 indeterminato
1241 715 1517 790 exprimi
1540 720 1839 790 possunt,
1868 715 2019 774 licet
2039 719 2407 790 conceptus

379 791 791 850 determinati
829 789 1232 853 diversarum
1264 795 1604 855 entitatum
1634 795 1764 854 sint
1785 795 2156 855 necessario
2191 793 2405 856 diver-

383 869 460 929 si.
496 870 699 948 lgitur
726 869 990 946 quando
1021 875 1309 948 rationes
1355 875 1602 935 entium
1645 874 1913 942 diversae
1941 873 2409 935 indetermina-

388 953 454 1008 te
485 953 552 1011 et
581 949 877 1022 confuse,
912 967 1153 1030 nempe
1184 958 1380 1029 prout
1409 959 1561 1014 sunt
1590 953 1834 1031 aliquid
1861 969 1894 1012 a
1919 953 2114 1013 nihilo
2145 955 2411 1014 distinc-

387 1031 549 1099 tum,
600 1029 1075 1109 concipiuntur,
1121 1033 1187 1092 in
1231 1049 1364 1093 uno
1411 1035 1582 1095 entis
1613 1037 1939 1109 conceptu
1984 1034 2409 1103 conveniunt,

390 1112 459 1169 et
499 1107 651 1170 ideo
692 1110 855 1170 ratio
902 1111 1093 1180 entis,
1138 1115 1213 1172 ut
1272 1113 1620 1185 abstracta,
1681 1117 1781 1173 est
1842 1110 2110 1184 eadem;
2172 1111 2296 1173 sed
2337 1116 2417 1172 ut

392 1192 723 1249 contracta
767 1206 890 1250 seu
910 1195 983 1250 ut
1011 1193 1437 1269 participatur
1465 1195 1545 1254 ab
1576 1189 2015 1260 inferioribus,
2051 1197 2153 1252 est
2195 1192 2408 1254 diver·

389 1281 487 1328 sa.
516 1270 607 1330 Ex
638 1285 767 1344 quo
810 1270 1047 1332 iterum
1093 1271 1420 1350 colligitur
1457 1273 1636 1334 illam
1667 1288 1814 1332 esse
1846 1272 2222 1349 analogam.

475 1348 811 1409 scholium
841 1350 912 1410 11.
949 1353 1174 1413 Utrum
1199 1366 1315 1412 ens
1347 1353 1429 1412 sit
1459 1353 1808 1430 analogum
1846 1350 1930 1411 ad
1957 1367 2073 1411 sua
2104 1349 2416 1412 inferiora

392 1433 665 1504 propter
693 1433 1272 1493 transcendentium
1302 1433 1407 1493 vel
1436 1437 1707 1509 propter
1748 1433 2225 1506 dependentium
2253 1431 2416 1492 alio-

393 1519 540 1566 rum
585 1508 1015 1587 analogorum
1057 1510 1138 1571 ab
1198 1512 1476 1590 analago
1539 1511 1867 1588 principe?
1911 1510 2416 1590 Relictis'subti·

390 1587 662 1648 lioribus
718 1590 1253 1653 scholasticorum
1284 1591 1858 1668 disputationibuS‚
1908 1594 2064 1667 puto
2095 1593 2417 1652 rationem

395 1669 562 1728 entis
593 1670 944 1729 convenire
1004 1671 1307 1732 omnibus
1338 1670 1755 1731 inferioribus
1784 1675 2054 1747 propter
2083 1674 2416 1730 transceu-

400 1744 712 1818 dentiam‚
766 1754 833 1809 et
877 1765 1023 1809 esse
1080 1774 1104 1802 ι
1140 1752 1490 1830 analogum
1547 1750 1850 1829 analogia
1880 1748 2328 1811 attributionis
2386 1770 2412 1799 »

396 1831 669 1904 propter
699 1825 1239 1905 dependentiam.

1217 1961 1281 2010 ΙΙ.
1317 1961 1394 2012 De
1423 1959 1599 2010 nihilo·

475 2084 617 2144 273.
652 2116 729 2127 -
754 2084 883 2145 Ens
913 2087 1133 2162 potest
1159 2084 1514 2165 negatione
1544 2084 1804 2162 attingi3
1839 2098 2033 2151 porro
2066 2079 2334 2160 negatio
2355 2079 2420 2140 in

405 2182 482 2222 en
530 2165 821 2224 sirlnsistit
850 2173 920 2226 ut
948 2166 1283 2227 removeat
1312 2165 1494 2243 quod
1523 2165 1784 2243 attingit
1809 2161 1956 2241 (61).
1992 2160 2122 2222 Sed
2154 2161 2422 2238 negatio

406 2250 618 2318 petest
650 2244 973 2322 attingere
1006 2261 1123 2306 ens
1153 2246 1510 2307 universim
1561 2248 1934 2321 sumptum;
1965 2243 2137 2303 hanc
2188 2255 2425 2318 puram

406 2326 570 2382 entis
618 2326 1036 2401 negationem
1063 2326 1342 2386 nihilum
1369 2340 1705 2386 vocamus,
1736 2323 2017 2385 Nihilum
2059 2337 2219 2398 ergo
2240 2319 2423 2382 nullo

406 2406 602 2462 uitulo
634 2419 752 2478 per
780 2419 853 2464 se
896 2404 1170 2483 intelligi
1214 2409 1456 2482 potest,
1491 2403 1613 2465 sed
1644 2403 1983 2465 dumtaxat
2010 2417 2130 2478 per
2159 2414 2423 2476 respec-

406 2482 646 2542 tutn:1[1
692 2500 831 2555 enS,
880 2484 1057 2561 quod
1101 2491 1420 2556 removet,
1467 2483 1796 2562 siquidem
1839 2499 1960 2560 per
2000 2481 2425 2559 negationem

410 2582 538 2638 qna.
570 2565 879 2642 gignitur,
910 2565 1155 2626 tollitur
1197 2563 1518 2642 quidquid
1545 2565 1834 2626 habebat
1874 2562 2198 2624 rationem
2254 2558 2420 2620 enti-

418 2642 582 2709 talia,
618 2659 735 2704 eeu
763 2644 1307 2723 intelligibilitatis
1351 2646 1660 2721 positivae.
2150 2704 2154 2708 .
2386 2716 2400 2730 ‚

490 2726 766 2783 Militum
799 2722 996 2784 dividi
1039 2725 1208 2785 solet
1246 2727 1312 2786 in
1329 2725 1673 2800 positivum
1716 2725 1785 2783 et
1811 2722 2180 2798 neyativum
2206 2737 2228 2779 .·
2271 2716 2425 2780 dici·

414 2810 514 2862 tur
542 2802 887 2878 prffiitivum
919 2820 1123 2881 quum
1149 2808 1447 2866 removet
1477 2820 1594 2864 ens
1624 2807 1960 2878 sumptum
1991 2816 2108 2878 pro
2133 2815 2212 2859 eo
2247 2796 2426 2876 quod

414 2886 650 2950 exient,
695 2899 817 2944 seu
858 2899 975 2959 pro
1023 2885 1344 2945 existente
1393 2901 1407 2944 :
1457 2882 1688 2943 dicitur
1729 2883 2110 2960 negativum
2159 2876 2424 2956 quando

417 2978 530 3022 ene
566 2965 857 3024 removet
886 2968 1221 3041 sumptum
1250 2980 1368 3041 pro
1405 2980 1484 3024 eo
1516 2961 1696 3041 quod
1724 2962 1928 3023 hahet
1956 2959 2347 3021 realitatem.

912 3073 999 3142 111'.
1031 3093 1106 3142 De
1132 3090 1380 3141 divisione
1407 3090 1540 3140 entis
1568 3090 1622 3138 in
1647 3088 1921 3139 communi.

494 3222 634 3278 ΞΠ.
679 3253 755 3262 -
797 3219 924 3280 Ens
967 3219 1034 3280 in
1065 3217 1396 3279 communi
1428 3214 1625 3278 dividi
1663 3214 1834 3275 solet
1881 3215 1949 3274 in
1994 3227 2111 3273 ens
2139 3208 2324 3272 reale
2367 3211 2427 3301 et

418 3318 538 3358 ene
566 3297 851 3360 rationis.
885 3302 1012 3361 Ens
1040 3299 1217 3373 reale
1241 3306 1339 3359 est
1362 3296 1519 3358 illud
1552 3294 1729 3373 quod
1751 3291 2130 3370 intelligitur
2155 3297 2230 3351 ut
2250 3289 2426 3384 reah·

422 3386 518 3442 tae
550 3382 762 3455 aliqua
794 3395 933 3456 quae
963 3383 1163 3440 extra
1189 3383 1479 3438 mentem
1501 3377 1739 3443 existit,
1773 3378 1887 3435 aut
1923 3374 2157 3433 saltem
2188 3373 2421 3462 existe·

422 3478 490 3518 re
522 3466 753 3534 potest.
784 3461 913 3521 Ens
940 3461 1211 3520 rationis
1236 3456 1400 3518 illud
1441 3463 1540 3518 est
1569 3452 1750 3534 quod
1792 3468 1831 3513 a
1858 3453 2109 3514 ratione
2144 3465 2422 3526 concipi·

482 3590 550 3654 tl}
578 3590 702 3638 Vide
729 3589 782 3638 S.
813 3589 995 3639 Thom.
1023 3603 1044 3638 1
1069 3603 1121 3652 p.
1147 3603 1204 3651 q.
1240 3587 1299 3636 18
1325 3602 1356 3636 a
1379 3585 1429 3637 6.
