2650 4242
255 309 454 356 uxrarmsica
474 311 558 367 cun,
582 309 636 356 sno
659 311 839 359 onroxoon.
996 300 1053 362 177

76 423 131 489 Ad
145 425 441 504 impossibilitatem
455 425 614 488 moralem
627 428 690 490 rite
704 427 966 508 intelligendam,
982 433 1052 514 plu·

36 524 73 568 ra
84 514 166 568 sunt
181 505 471 570 animadvertenda
494 507 665 580 :1⁰Acti0,
688 523 759 585 que
780 508 897 574 dicitur
919 513 1050 576 morali-

38 594 88 648 ter
97 587 323 665 impossibilis,
338 604 406 649 non
423 591 600 662 exsuperat
613 588 699 649 vires
723 587 876 669 physicas
898 591 1047 657 hominis.

37 670 279 730 Verumtamen
291 669 324 730 2⁰
343 665 476 745 pondus
491 664 690 728 difficultatis
705 673 755 730 est
769 671 833 732 tale
855 672 897 734 ob
913 671 1051 754 adjunc-

39 754 83 821 ta,
119 746 212 826 quod
233 763 300 809 non
325 750 559 825 compensetur
581 763 601 808 a
634 746 723 810 bono
748 752 912 812 actionem
937 768 1051 816 conse·

38 834 179 905 quente.
195 826 333 902 Quando
349 843 429 907 ergo
443 829 569 889 bonum
586 829 636 887 est
647 827 745 889 valde
762 831 813 890 exi
861 845 928 905 um,
945 838 979 894 et
993 831 1051 893 dit-

36 907 168 969 ficultas
183 906 374 969 estomnino
390 923 522 986 magna,
536 912 605 967 tum
614 922 693 968 vero
710 910 793 969 actio
829 911 925 971 icitur
938 928 1047 974 mora·

37 989 114 1049 liter
126 987 346 1128 imlpossibilis,
363 988 439 1065 quia
452 994 530 1049 tunc
540 988 761 1048 communiter
774 987 926 1052 homines
951 1007 1051 1072 agere

40 1083 109 1130 non
123 1083 160 1131 so
176 1070 241 1128 ent.

79 1146 166 1208 Cum
187 1143 357 1207 difficultas
371 1147 413 1208 sit
425 1144 531 1226 maj0r
543 1151 600 1206 aut
619 1147 728 1208 minor
739 1153 894 1224 respectu
908 1147 1051 1215 diverso·

40 1243 116 1286 rum
135 1226 318 1298 hominum,
332 1231 364 1287 et
377 1231 530 1302 praeterea
544 1241 619 1286 cum
640 1226 765 1288 bonum
777 1228 863 1305 quod
886 1243 927 1290 ex
947 1231 1052 1292 actio-

40 1322 83 1368 ne
107 1313 379 1384 consequeretur,
395 1305 499 1381 possit
514 1319 588 1365 esse
601 1306 709 1385 majus
723 1307 901 1369 autminus
921 1310 955 1371 in
971 1311 1052 1372 exis-

40 1386 210 1447 timatione
233 1388 362 1466 agentis
395 1384 432 1447 tit
453 1383 544 1463 quod
557 1385 803 1461 impossibilitas
826 1389 959 1450 moralis
982 1406 1050 1452 non

39 1466 144 1543 possit
159 1481 293 1543 semper
304 1463 401 1528 tacite
417 1462 640 1527 determinari.

355 1587 399 1637 III.
414 1587 452 1638 De
465 1585 550 1636 indole
563 1571 733 1650 possibilium.

42 1714 111 1774 293.
128 1709 287 1774 —'Tuxs1s
303 1713 325 1774 1.
342 1683 495 1773 Posstbr'tc
509 1710 703 1788 catuliqutd.

82 1836 255 1897 Probatur,
270 1835 411 1898 Nihilum
425 1851 544 1914 pumm
560 1840 611 1896 est
624 1835 660 1896 id
674 1836 765 1914 quod
779 1837 986 1905 existentiam
999 1857 1051 1906 ac-

45 1919 176 1994 quirere
197 1930 264 1977 non
279 1921 397 1991 potest,
419 1931 458 1977 ac
482 1915 621 1991 proinde
645 1933 816 1994 nunquam
840 1919 967 1996 otc-‘quid
989 1925 1049 1983 est.

42 1996 141 2074 Atqui
159 1995 315 2074 possibile
331 1997 537 2057 existentiam
550 1997 721 2072 acquirere
738 2003 771 2059 et
786 1998 915 2074 otiqutd
923 2001 1054 2076 pbystcr’

44 2091 117 2138 esse
134 2079 252 2152 potest.
274 2076 357 2155 Ergo
372 2090 440 2136 non
455 2078 506 2136 est
518 2075 665 2136 nihilum.
681 2077 736 2138 Est
750 2077 954 2156 aliquid‚non
968 2081 1049 2161 phy-

42 2158 159 2297 sicalurtn,
183 2153 244 2216 sed
263 2154 381 2228 ideale,
403 2154 557 2217 nimirum
577 2158 611 2216 tn
631 2155 802 2220 intellectu
823 2158 967 2241 existens
982 2159 1047 2223 tor·

43 2253 77 2296 1n
109 2250 181 2296 rer.

43 2358 112 2420 294.
128 2347 288 2418 -4Tms1s
309 2357 346 2417 tt.
368 2357 538 2419 Posstbr'tto
561 2361 681 2418 eterno
700 2362 784 2419 suut.

82 2479 255 2540 Probatur.
270 2478 449 2552 Possibilia,
473 2492 548 2555 quae
570 2477 754 2541 realitatem
773 2479 897 2543 habent
910 2484 944 2544 in
957 2483 1051 2547 intel·

42 2559 131 2621 lectu
153 2563 293 2633 tantum,
314 2563 391 2620 sunt
422 2562 546 2618 aeterna
567 2560 594 2619 si
613 2559 800 2621 intellectus
831 2566 974 2624 aeternus
992 2565 1049 2636 sit,

45 2639 165 2716 quiea
195 2655 328 2716 semper
349 2639 549 2718 cognoverit.
580 2641 678 2716 Atqui
707 2640 893 2703 intellectus
924 2644 1050 2706 divinus

44 2718 209 2795 possibilia
230 2735 363 2793 semper
383 2718 547 2797 cognovit.
569 2719 653 2796 Ergo
669 2725 745 2780 sunt
765 2723 900 2799 aeterna.

82 2799 246 2859 Praeterea
267 2799 474 2876 possibilitas,
506 2814 572 2876 qua
601 2799 685 2868 talis,
710 2816 729 2860 a
751 2801 896 2876 qualibet
921 2806 1048 2880 tempo-

44 2878 102 2938 rati
130 2876 402 2941 determinatione
432 2877 633 2955 praescindit‚
673 2883 706 2938 et
747 2879 865 2942 exinde
900 2881 1050 2944 ordinem

45 2956 154 3019 dicere
175 2963 286 3035 potest
306 2959 349 3020 ad
373 2958 481 3018 omnia
509 2962 667 3033 tempore,
692 2973 766 3035 quae
795 2959 934 3037 proinde
967 2977 1049 3039 prae-

43 3036 253 3116 tergreditur.

269 3166 315 3220 IV.
327 3168 366 3218 De
378 3163 552 3232 possibilitatis
562 3164 709 3216 intrinsecae
722 3167 828 3233 origine.

41 3277 111 3338 295.
126 3309 167 3322 -
183 3279 292 3339 Tarsis
316 3277 365 3337 111.
392 3279 521 3338 tuteruo
540 3290 655 3336 rerum
676 3277 876 3352 possibilitas
897 3295 954 3341 uec
979 3283 1007 3343 1⁰
1030 3299 1052 3342 a

80 3357 223 3499 wrote
236 3359 356 3420 muodo
371 3354 577 3418 existentibus
591 3357 714 3432 pendet,
730 3373 785 3420 uec
797 3358 880 3418 2⁰'ob
890 3359 1053 3423 intellectu

83 3541 243 3602 Probatur
251 3544 364 3617 primo
375 3557 462 3617 pers.
488 3543 518 3602 1⁰
538 3540 691 3619 Aptitudo
707 3539 749 3602 ad
772 3543 979 3608 existendum
1000 3549 1050 3608 est

44 3627 118 3681 ante
140 3623 246 3699 ipsam
268 3622 484 3684 existentiam.
506 3621 591 3699 Ergo
605 3621 806 3698 impossibiie
829 3631 929 3687 estut
949 3628 1050 3704 possi·

42 3701 149 3764 bilitas
170 3701 211 3765 ab
227 3703 443 3765 existentibus
458 3702 574 3762 creatis
592 3701 749 3778 pendeat.

368 3798 451 3849 Bazv.
468 3796 542 3848 Pum.
559 3795 590 3849 Τ.
606 3796 724 3848 1.-12.
