2650 4242
206 234 209 239 ·
307 230 507 275 xxmrnrsrui
528 231 612 285 oxu,
634 230 689 276 seu
711 230 892 274 oxroxoon.
1021 247 1024 253 ·
1047 214 1104 275 ‘ill

83 416 111 477 ti
128 337 164 399 4⁰
179 339 382 419 Dispescitur
394 344 427 405 in
442 342 543 406 finem
557 346 754 423 proximum,
770 343 1002 407 intermedium
1018 346 1106 409 etul-

111 434 219 479 mum.

130 498 216 562 Finis
243 500 376 564 ultimus
398 504 426 564 is
451 508 649 582 estpropter
671 519 772 583 quem
800 510 914 566 cetere
936 504 1103 581 volumus,

82 574 200 653 ipsum
213 596 291 642 vero
306 588 442 659 propter
455 601 492 647 se
507 589 633 646 tantum
650 604 657 643 z
675 583 718 645 ad
733 585 924 652 ulteriorem
937 583 1038 646 finem
1052 586 1104 647 hic

82 670 158 718 non
173 658 350 723 ordinatur.
366 666 406 724 At
419 665 454 728 id
469 666 643 744 dupliciter
655 664 793 745 intelligi
804 669 912 740 potest
928 682 934 723 :
952 664 1004 726 vel
1017 666 1104 726 enim

84 735 236 801 adalind
251 757 318 801 non
333 743 503 806 ordinatur
527 746 568 807 ab
591 749 758 820 operante,
783 750 817 805 et
841 747 887 805 sic
912 745 1033 806 sanitas
1053 753 1104 807 est

83 813 161 876 finis
177 819 310 880 ultimus
326 838 427 899 quem
440 825 580 887 intendit
594 839 682 903 eger
697 825 752 903 qui
763 823 962 886 medicinam
983 825 1101 899 ebibit;

85 901 122 956 et
135 896 189 957 hic
202 897 276 959 finis
291 901 408 964 dicitur
419 906 553 966 ultimus
567 907 741 965 secundum
755 905 848 979 quid·
863 904 917 965 vel
931 918 999 965 non
1013 904 1101 966 ordi·

84 984 186 1038 natur
199 996 242 1039 ear
253 997 287 1042 se
301 990 330 1043 et
345 992 465 1045 tecture
484 1003 555 1055 cue,
573 988 609 1045 et
631 989 709 1045 tunc
733 982 851 1046 dicitur
873 982 945 1044 finis
968 984 1102 1047 ultimus

83 1057 278 1133 simpliciter
304 1082 315 1120 .·
338 1065 386 1124 sic
410 1066 497 1126 Deus
514 1068 566 1127 est
588 1080 666 1125 vere
690 1064 837 1124 omnium
859 1062 933 1124 finis
953 1063 1101 1139 ultimuS,

85 1136 164 1212 quia
179 1137 222 1198 ad
237 1140 343 1201 Deum
357 1145 468 1207 omnia
482 1145 686 1218 ordinantur,
714 1142 793 1205 dum
816 1144 888 1220 ipse
911 1144 954 1205 ad
975 1145 1102 1206 nullum

84 1215 178 1277 aliud
192 1218 341 1281 ordinem
357 1222 443 1285 dicit.

125 1297 212 1359 Finis
225 1301 433 1365 intermedius
447 1304 544 1367 estid
558 1298 793 1382 propterquod
805 1302 1100 1380 aliquidvolumus,

85 1376 121 1434 et
135 1376 226 1453 quod
239 1380 377 1442 ulterius
394 1385 444 1444 vel
458 1385 499 1445 ab
515 1390 673 1462 operante
688 1384 741 1443 vel
756 1398 796 1443 ex
811 1398 847 1444 se
858 1382 1038 1445 ordinatur.

88 1456 212 1595 tepdms
221 1465 396 1533 proeaees
409 1471 461 1525 est
473 1463 507 1525 id
522 1463 613 1543 quod
627 1464 775 1542 proxime
791 1470 825 1523 et
837 1462 1027 1526 immediate
1047 1466 1097 1526 in-

124 1552 142 1593 η
170 1537 245 1598 itur.

124 1615 182 1675 Ex.
201 1634 208 1677 :
225 1618 364 1693 Quando
381 1623 454 1699 quis
470 1638 588 1700 corpus
602 1638 702 1683 suum
716 1620 830 1700 affligit
845 1628 979 1699 propter
1001 1622 1099 1684 virtu-

84 1696 165 1768 tem,
182 1713 281 1773 quam
296 1704 409 1777 querit
422 1707 460 1764 ut
472 1704 601 1780 placeat
615 1704 697 1772 Deo,
713 1705 799 1765 Deae
813 1708 863 1761 est
876 1699 949 1762 finis
963 1702 1099 1764 ultimus

82 1771 185 1852 huJ'us
204 1781 421 1855 coercitionis
443 1786 556 1854 uirtus,
585 1781 658 1844 finis
686 1780 913 1855 intermedius
952 1781 1098 1859 denique

83 1855 275 1929 refrenatio
284 1864 475 1935 passionum
489 1870 540 1925 est
552 1861 626 1923 finis
639 1863 819 1939 proximus.

125 1934 208 1997 Finis
222 1942 390 2013 proximus
413 1949 463 2005 est
487 1944 634 2004 medium
659 1943 702 2004 ad
727 1940 827 2003 finem
846 1941 1096 2009 intermedium;

80 2010 137 2072 lric
156 2020 268 2077 autem
284 2024 334 2080 est
353 2024 452 2083 etiarn
474 2024 622 2085 medium
646 2021 802 2084 adfinem
816 2022 966 2081 ultimum
983 2040 990 2080 t
1007 2018 1097 2083 unde

81 2090 118 2152 ln
127 2097 254 2157 tantum
267 2100 390 2164 habent
402 2100 565 2165 rationem
584 2117 688 2164 causae
701 2100 807 2163 finalis
821 2104 853 2161 in
869 2108 1027 2179 quantum
1042 2100 1097 2161 lra-

81 2170 166 2234 bent
178 2178 338 2239 rationem
352 2181 463 2246 medii.

122 2252 193 2315 420.
209 2290 248 2300 —
263 2260 297 2320 ln
312 2261 374 2322 hac
388 2263 593 2325 ordinatione
603 2260 789 2324 mediorum
802 2266 957 2338 respectu
966 2257 1039 2320 finis
1048 2259 1094 2351 ul·

82 2330 165 2404 timi,
182 2338 237 2412 qui
253 2343 395 2403 estratio
406 2348 541 2420 propter
552 2358 652 2420 quam
661 2341 772 2403 media
793 2346 943 2402 amantur
963 2346 995 2399 et
1006 2337 1094 2399 adln-

81 2409 215 2489 bantur,
232 2416 355 2496 duplex
383 2423 462 2486 ordo
488 2423 643 2502 distingui
669 2422 770 2483 debet
787 2441 793 2482 :
810 2420 889 2482 ordo
913 2420 1095 2480 intentionis

84 2493 118 2551 et
132 2495 213 2556 ordo
228 2505 437 2564 caecutiente.

123 2572 159 2632 ln
174 2575 288 2638 ordine
303 2581 502 2655 intentionis,
524 2581 558 2643 id
573 2582 663 2659 quod
678 2583 819 2659 primum
833 2578 1014 2642 intenditur
1043 2582 1093 2638 est

81 2647 166 2723 finis,
184 2654 439 2723 dominordine
469 2664 671 2725 executionis
699 2662 840 2738 primum
868 2663 918 2721 est
945 2656 1092 2719 medium

81 2734 187 2811 magis
201 2744 366 2801 remotum
379 2749 533 2819 respectu
546 2742 628 2803 finis,
656 2742 735 2801 Hinc
760 2740 896 2801 effatum
916 2738 1088 2800 Scholasti-

82 2826 218 2876 corum:
238 2822 329 2889 Quod
342 2828 385 2883 cst
394 2825 540 2898 patmum
559 2826 594 2883 in
614 2823 784 2883 intentione
815 2824 859 2881 est
885 2818 1036 2879 ultimum
1059 2824 1092 2881 tu

81 2899 275 2961 executione.

120 2974 258 3040 intentio
275 2984 363 3043 enim
378 2987 428 3044 est
442 2987 533 3044 actus
546 2982 723 3042 voluntatis
746 2978 802 3058 qui
826 2980 910 3039 circa
932 2974 1033 3037 finem
1058 2980 1092 3037 et

79 3054 191 3121 media
206 3067 368 3134 versatum
384 3078 483 3139 porro
496 3063 647 3124 voluntas
661 3060 804 3122 intendit
815 3059 956 3137 primum
977 3054 1090 3146 finem,

79 3140 121 3202 ad
136 3140 232 3219 cujus
246 3141 458 3219 adeptionem
473 3149 598 3204 tantum
614 3140 816 3209 vultmedia.
831 3140 928 3231 Atqui
939 3140 1090 3229 executio

77 3220 208 3282 nonnisi
221 3237 282 3297 per
295 3222 405 3282 media
421 3222 609 3300 adipiscitur
621 3221 732 3282 finem.
759 3220 843 3299 Ergo
865 3216 951 3289 finis,
969 3234 1024 3295 qur
1041 3220 1091 3276 est

78 3301 212 3362 ultimus
225 3303 259 3362 in
275 3304 482 3377 executione,
509 3310 560 3364 est
582 3304 707 3379 primus
731 3302 765 3361 in
788 3300 979 3361 intentione.
1005 3298 1060 3357 Ex.
1080 3314 1087 3353 :

78 3380 281 3443 Architectus
297 3382 353 3461 qui
370 3382 503 3444 domum
518 3382 671 3444 adificare
686 3380 766 3451 vult,
784 3378 885 3440 debet
898 3380 994 3437 etiam
1003 3375 1089 3437 velle

78 3458 325 3524 aedificationem
340 3464 514 3541 parietum,
532 3462 807 3524 coadunationem
816 3456 964 3535 lapidum
978 3460 1012 3515 et
1027 3472 1088 3515 cae·

79 3543 191 3614 mentl,
209 3547 270 3604 etc.
289 3543 428 3605 Primum
445 3542 534 3621 quod
548 3541 697 3615 intendit,
720 3544 769 3601 est
789 3536 863 3599 finis
887 3552 947 3599 seu
971 3534 1088 3598 domus

79 3618 250 3700 edificata3
266 3623 483 3702 vultproinde
493 3619 749 3684 exstructionem
760 3619 932 3696 parietum,
944 3619 978 3678 et
990 3630 1086 3693 prop·

404 3722 487 3772 Burr-
501 3720 576 3770 Pmu.
590 3718 621 3769 Τ.
638 3717 659 3766 Ι.
673 3742 704 3755 -
719 3714 758 3766 16.
