2650 4242
240 257 298 320 156
542 274 723 318 suuvmuiuu
743 275 945 320 rnrtosornns

236 391 306 455 258.
333 426 371 434 —
390 394 498 453 Tussis
514 391 550 450 ll.
573 393 799 452 Verumtamen
818 393 964 453 ueritates
977 406 1080 466 supro
1094 389 1245 451 rationem

274 472 342 534 dici
353 476 512 548 nequeunt
527 473 640 529 contro
654 471 813 531 rollonem
830 489 905 532 esse.

274 580 449 640 Probatur.
477 577 596 638 Contra
619 578 782 637 rationem
807 583 857 638 est
879 577 913 638 id
938 576 1027 655 quod
1051 576 1084 636 in
1108 576 1246 636 terminis

235 659 356 735 quibus
380 661 520 730 constat,
550 655 678 717 veritati
703 657 847 720 evidenti
874 659 1062 735 opponitur.
1093 656 1194 734 Atqui
1219 659 1246 715 in

233 739 426 800 veritatibus
441 737 756 814 supernaturalibus,
775 754 844 814 quae
861 753 961 814 supra
974 739 1141 797 rationem
1165 741 1246 804 suut,

232 819 328 891 ratio,
344 820 412 880 suis
430 819 552 880 viribus
566 815 690 889 relicta,
720 816 971 893 deprehendere
993 817 1110 894 nequit
1137 831 1246 876 conve·

235 899 392 959 nientiam
407 896 723 974 velrepugnantlum
742 901 965 959 terminorum.
983 899 1066 975 Ergo
1084 913 1160 974 quae
1179 902 1246 956 sunl

236 995 337 1055 supra
351 981 523 1047 rationem,
539 993 607 1037 non
622 982 699 1037 sunt
712 978 775 1036 hoc
789 979 860 1054 ipso
877 982 989 1038 contra
1005 979 1182 1036 rationem.
1302 961 1303 1022 l

274 1061 375 1138 igitur
401 1060 586 1136 generatim
619 1057 845 1117 concludimus
878 1060 1039 1118 rationem
1072 1057 1246 1116 humanam
1302 1055 1303 1064 ’

234 1143 352 1216 suapte
367 1142 495 1209 natura,
513 1152 646 1213 semper
660 1137 770 1213 aliqua
784 1137 934 1198 laborare
949 1137 1151 1216 ignorantia.

234 1245 305 1307 259.
329 1277 369 1287 —
390 1245 496 1303 Turesis
518 1244 567 1302 lll.
598 1243 751 1303 veritates
781 1242 1073 1319 suprurotc'ouules,
1115 1243 1179 1302 etst'
1192 1259 1247 1317 per

269 1325 582 1399 propriusrotc'ooes
596 1322 797 1397 apprehendi
810 1327 837 1382 et
862 1325 1011 1398 cognosci
1031 1339 1055 1414 u
1078 1322 1176 1382 uobis
1198 1339 1245 1415 uel·

274 1408 400 1479 queunt,
412 1406 547 1477 possunt
561 1407 667 1462 tumeo
676 1417 740 1477 per
752 1401 852 1476 fidem
865 1408 894 1463 ot
909 1405 1137 1462 auctoretatem
1152 1403 1245 1462 credi.

272 1505 368 1567 Prob.
395 1506 418 1566 l;
445 1505 556 1567 Rudes
579 1506 700 1566 multas
723 1508 879 1567 veritates
908 1505 1104 1567 scientificus
1136 1511 1245 1568 tenent

235 1602 375 1664 quarum
389 1587 538 1662 proprias
554 1591 587 1646 et
604 1584 734 1647 intimas
755 1588 899 1647 rationes
911 1588 1044 1663 assequi
1063 1592 1243 1662 nequeunt.

236 1669 321 1744 Ergo
337 1665 417 1727 nihil
440 1665 579 1742 impedit
603 1669 782 1743 quominus
802 1669 956 1727 veritates
972 1669 1245 1742 supraratlonales

235 1745 340 1808 semel
362 1747 536 1823 propositae
552 1751 797 1826 cognoscantur
812 1751 845 1807 et
860 1746 1048 1807 credantur.
1302 1763 1303 1820 t

274 1827 307 1886 ll.
321 1826 495 1895 veritates,
513 1827 611 1885 etiam
628 1825 831 1903 dogmaticae,
850 1829 1005 1906 cognosci
1028 1828 1170 1903 possunt
1190 1842 1242 1903 per

237 1907 460 1966 testimonium
473 1905 556 1984 (189,
572 1903 655 1985 202),
672 1907 805 1965 minime
827 1907 1035 1982 apprehensa
1060 1923 1178 1967 eorum
1201 1908 1242 1966 in·
1302 1937 1303 2010 p

234 1981 375 2045 trinseca
389 1987 528 2044 ratione.
544 1985 628 2062 Ergo
644 1983 709 2045 fide
724 1983 816 2045 firma
832 1991 865 2046 et
881 1991 971 2047 certa
982 1989 1086 2046 teneri
1097 1990 1240 2064 possunt

233 2066 261 2126 si
276 2062 454 2125 testificans
470 2067 698 2126 auctoritatem
714 2063 931 2126 sufficientem
946 2066 1076 2127 habeat.

270 2144 342 2205 boo.
358 2144 564 2206 -Secunda
580 2160 679 2206 causa
693 2145 884 2224 ignorantiae
898 2149 1061 2223 reperitur
1075 2147 1110 2206 in
1130 2146 1236 2214 ordire

227 2229 428 2298 prepostero
442 2226 635 2284 studiorum.
869 2251 873 2259 ·
1138 2257 1141 2265 ·

232 2382 252 2442 l·
272 2303 359 2444 Οἷάο
374 2309 592 2382 praeposterus
607 2303 789 2366 studiorum
803 2306 890 2366 varie
906 2305 1020 2366 haberi
1034 2309 1155 2381 potest,
1183 2306 1239 2364 sci·

244 2399 295 2444 tce
328 2401 335 2442 t

272 2466 302 2523 l0
318 2462 456 2536 Quando
472 2465 545 2539 quis
561 2461 604 2523 ad
618 2465 772 2524 scientias
787 2463 994 2524 sublimiores
1016 2468 1048 2526 ei
1063 2464 1240 2525 abstrusio·

135 2554 136 2557 ’
230 2557 295 2614 rec,
312 2543 473 2620 neglectis
487 2544 630 2603 scientiis
644 2546 782 2619 praviis
799 2548 934 2620 propter
948 2545 1169 2605 inconsultam
1193 2561 1239 2604 co-

229 2621 414 2700 gnoscendi
430 2622 642 2694 cupiditatem
656 2622 862 2700 aggreditur;

267 2703 300 2761 2⁰
316 2701 454 2776 Quando
469 2704 503 2762 in
517 2703 629 2779 plures
643 2703 798 2764 scientias
813 2705 913 2780 longe
929 2703 1058 2764 dissitas
1073 2703 1170 2764 simul
1182 2701 1237 2763 dis·

230 2780 352 2849 caudas
368 2780 504 2859 quidam
518 2782 711 2843 incumbere
728 2787 880 2854 conatum

267 2860 300 2920 3⁰
315 2860 454 2934 Quando
469 2861 596 2940 absque
612 2862 678 2922 ullo
696 2863 829 2924 consilio
847 2867 881 2923 et
900 2861 1137 2922 deliberatione
1162 2879 1235 2940 pru-

229 2937 330 3012 denti,
340 2940 401 3001 sed
413 2941 597 3003 temeritate
610 2941 788 3003 etlibidine
803 2941 901 3013 ducti,
914 2940 1014 3019 aliqui
1027 2943 1102 3002 talia
1115 2943 1238 3022 eligunt

228 3018 349 3092 studia,
375 3019 418 3081 ad
443 3038 513 3098 qua
528 3023 651 3081 nullam
666 3023 858 3083 naturaliter
871 3022 995 3086 hahent
1010 3020 1234 3098 aptitudinem.

267 3099 302 3158 ln
316 3101 420 3176 primo
437 3117 526 3172 casu,
543 3106 716 3178 nequeunt
730 3102 843 3164 intima
855 3102 997 3162 scientiae
1011 3102 1182 3164 recondita
1196 3103 1234 3162 ri-

225 3179 317 3238 mari.
336 3181 371 3241 ln
385 3179 544 3250 secundo,
559 3197 653 3241 mens
669 3181 755 3242 mole
770 3181 920 3242 idearum
932 3183 1049 3242 obruta
1060 3183 1141 3244 nihil
1151 3199 1235 3261 pers-

230 3257 331 3349 picue.
345 3260 442 3336 capit,
458 3260 650 3338 nullamque
665 3262 813 3322 notitiam
828 3262 944 3322 harum
959 3263 1170 3324 scientiarum
1181 3261 1235 3322 dis·

228 3341 362 3399 unctam
378 3342 497 3400 servat.
515 3341 673 3413 intortio,
691 3357 826 3417 operam
850 3340 970 3418 perdit,
996 3343 1118 3403 relictis
1145 3342 1233 3404 disci·

226 3417 324 3494 plinis
340 3418 461 3495 quibus
474 3417 642 3482 fructuose
656 3436 773 3482 vacare
788 3425 912 3498 posset.
982 3463 987 3472 -

262 3497 390 3579 tbdbis.
407 3533 446 3542 --
456 3501 564 3586 Tertia
576 3516 674 3561 causa
685 3504 848 3577 reperitur
860 3503 894 3562 in
904 3500 1081 3563 immodico
1094 3507 1234 3564 contem·

223 3580 284 3652 ptu
298 3579 536 3644 abstractarum
551 3581 776 3660 cognitionum
791 3585 824 3642 et
843 3581 876 3640 in
897 3583 1068 3643 aversione
1090 3583 1130 3644 ab
1152 3582 1232 3644 omni

223 3657 392 3718 ratiocinio
407 3657 545 3736 prolixo.
948 3696 950 3704 π
