2650 4242
486 228 577 272 INDEll
597 224 792 302 sinorrlcns.

532 370 565 419 11.
583 370 622 420 De
635 366 736 419 habitu.

175 501 217 555 De
230 500 375 567 conceptu
385 497 415 550 et
430 494 563 566 subjeoto
572 493 701 563 habitus,
713 491 764 561 qui
773 491 890 547 ratione
906 489 1020 558 subtecti
1033 490 1065 544 in

135 585 199 641 'quo
219 572 276 640 est,
291 567 438 623 dividitur
452 566 482 619 in
496 566 638 620 moralem
657 567 689 618 et
708 563 932 633 intellectivum,
950 563 1066 616 ratione

140 656 229 696 eausa
242 640 272 693 in
281 639 413 694 infusum
423 639 453 691 et
463 637 650 707 acquisitum.
1099 632 1157 694 212

177 713 218 765 De
232 709 382 765 habitibus
391 707 586 763 naturalibus.
602 704 775 759 -Habitus
790 705 937 774 praeterea
955 702 1066 759 dividi-

141 784 193 837 tur
203 782 233 835 in
246 780 411 851 praetioum
421 780 451 832 et
461 776 687 847 speculativum,
698 776 729 829 in
740 775 883 829 virtutem
894 777 925 831 et
934 788 994 829 non
1003 774 1066 828 vir·
1102 774 1156 899 ὦ

140 855 247 909 tutem.

539 962 788 1018 Anriounnsm.
818 947 820 952 ’
920 989 924 995 ·

342 1100 378 1153 lle
394 1100 539 1168 relatione,
555 1085 700 1151 identitate
715 1100 740 1149 at
755 1097 941 1150 distinetione.

523 1235 541 1296 ἓ
556 1232 576 1285 1.
591 1233 632 1285 De
645 1230 799 1285 relatione.

518 1362 540 1411 1.
554 1360 619 1421 Quid
633 1360 666 1411 sit
679 1360 770 1411 relatio
783 1362 794 1410 l

181 1488 296 1544 Relatio
306 1491 352 1542 est
366 1488 498 1541 ltabttndo
509 1489 595 1539 nnius
606 1489 643 1540 ant
653 1488 743 1541 atiud.
761 1488 834 1547 Hine
845 1488 881 1544 ad
899 1490 1073 1547 relationem

146 1559 205 1615 tria
218 1560 431 1629 requirantur:
448 1558 625 1627 subjeetum,
644 1560 790 1613 terminus
804 1561 834 1613 et
848 1559 1073 1619 fundamentum

147 1644 200 1685 sen
210 1644 298 1684 eausa
308 1628 471 1683 relationis
1108 1633 1163 1688 215

84 1711 88 1719 “
183 1703 302 1755 Tnnsrs.
329 1701 430 1753 Relatio
454 1715 472 1751 n
495 1714 545 1751 suo
564 1700 748 1766 fundamento
768 1715 825 1753 non
848 1715 888 1772 re,
903 1703 949 1755 sed
965 1706 1074 1756 rationo

149 1771 296 1824 dumtaxat
311 1771 507 1840 distinguitur,
518 1782 586 1822 nam
601 1769 698 1838 posito
709 1769 900 1825 tundamento
910 1774 1010 1828 statim
1020 1788 1075 1828 ex-

149 1840 246 1909 surgit
259 1840 374 1895 relatio.
1109 1845 1181 1901 215.

499 1970 530 2019 ll.
544 1969 684 2035 Quotnplex
693 1969 726 2019 sit
739 1970 848 2021 relatio?

187 2101 303 2157 Relatio
318 2098 462 2155 dividitur
472 2100 501 2153 1ο
512 2098 542 2152 in
556 2099 667 2153 realem
682 2102 712 2154 et
726 2099 861 2173 logicam,
876 2102 953 2156 2⁰,in
966 2101 1077 2171 praedi-

151 2172 346 2229 camentalem
360 2172 390 2224 et
404 2170 703 2225 transcendentalem.
1112 2172 1167 2227 216

187 2247 228 2298 De
237 2241 430 2298 relationibus
445 2240 578 2309 originis.
597 2242 747 2295 Praeterea
765 2242 871 2296 relatio
887 2240 1032 2297 dividitur
1046 2243 1077 2297 in

152 2318 296 2439 mumdim'
311 2318 343 2367 et
353 2326 412 2366 non
422 2314 565 2376 mutuam,
578 2311 609 2365 in
619 2312 794 2367 relationem
805 2312 968 2367 seeundum
979 2312 1036 2368 diei
1047 2316 1078 2369 et

153 2400 244 2441 secun
267 2398 315 2438 nm
326 2397 401 2437 esse.

296 2512 342 2563 Ill.
359 2510 399 2560 De
413 2477 600 2559 conditionibus
610 2510 740 2575 requisitis
752 2515 781 2561 ut
794 2510 884 2561 relatio
898 2510 931 2561 sit
941 2510 1026 2561 realis.

193 2640 326 2705 Quataor
353 2637 567 2690 enumerantur
585 2635 769 2690 conditiones
788 2650 914 2707 quarum
936 2635 1082 2693 idoneitas

157 2709 333 2767 adstruitur.'
350 2707 379 2761 Si
396 2706 523 2775 aliquam
538 2718 640 2760 earum
658 2706 854 2777 intelligentia
862 2706 991 2778 'supplet
1002 2709 1083 2763 rela-

156 2782 200 2837 tio
213 2778 310 2834 evadit
322 2776 426 2845 logion.
1117 2780 1172 2835 218

194 2854 314 2906 Turesis.
338 2850 470 2901 Existunt
483 2848 515 2897 tn
533 2860 632 2899 rerunt
646 2851 754 2899 natare
774 2850 921 2901 relationes
936 2852 1037 2913 realem
1054 2848 1084 2903 id

159 2920 343 2993 experientia
353 2917 478 2972 constat,
1118 2920 1173 2977 219

390 3044 408 3106 ἓ
419 3041 450 3095 ΙΙ.
462 3041 503 3093 De
516 3038 673 3093 identitate
683 3041 712 3093 et
727 3036 926 3095 distinetione.

554 3160 574 3210 Ι.
587 3161 626 3210 ne
639 3159 780 3211 identitate.

197 3280 347 3349 mentitas,
363 3292 427 3347 quae
446 3278 493 3330 est
501 3278 597 3329 onitas
607 3278 812 3349 distinctorum,
827 3281 927 3348 potest
940 3291 1005 3333 esse
1014 3280 1089 3333 rela-

162 3356 205 3410 tio
218 3351 308 3407 realis
321 3348 370 3403 vel
383 3347 491 3416 logica3
504 3346 534 3400 id
547 3346 723 3402 ostenditur.
1123 3350 1178 3405 219

199 3426 242 3480 nx
253 3420 427 3475 diversitate
436 3417 621 3472 fundamenti
634 3416 800 3472 identitatis
816 3418 950 3488 exsurgit
971 3417 1090 3474 diversa

165 3489 316 3561 identitas,
333 3504 400 3559 quae
415 3488 485 3543 inde
499 3486 644 3543 dividitur
651 3487 683 3542 ln
694 3488 873 3561 genoricum,
885 3488 1050 3560 specificam
1060 3492 1092 3545 et
1144 3559 1181 3617 03

165 3562 358 3621 numericam.
1126 3563 1144 3617 2
