2650 4242
476 307 592 351 recrea
614 304 687 350 raas
709 309 728 348 1.
1076 286 1111 344 la

92 427 223 497 ceptus,
241 422 298 500 qui
319 427 369 482 est
386 421 487 483 veluti
512 421 685 499 conceptio
710 436 771 480 seu
786 419 896 495 proles
920 416 1039 477 mentis
1055 414 1109 493 (l).

91 504 237 580 Uterque
264 507 444 578 conceptus
468 507 606 562 vocatur
625 503 770 570 intentio,
787 501 862 576 quia
891 497 1034 573 cognitio
1052 511 1112 554 seu

92 581 314 658 apprehensio
334 582 565 643 intellectualis
582 586 631 642 est
650 606 661 633 a
680 579 879 639 tendentia»
909 576 1057 652 quadam
1079 575 1113 634 in

92 663 275 740 objectum.
293 662 441 740 Cogniiio
456 662 527 740 ipsa
542 677 603 721 seu
618 665 711 720 actus
727 656 947 736 cognoscendi
958 654 1111 733 (concep-

94 745 147 802 tus
162 739 319 820 formalis)
335 746 385 801 est
398 741 700 815 trttcrttioformola‘s,
710 735 1112 811 dumresvelratiocogni-

96 832 139 894 ta,
156 836 217 881 seu
234 825 414 897 conceptus
430 822 623 900 objectivus,
646 825 781 882 uocatur
795 818 926 877 attentio
943 817 1108 890 objectiva.

137 902 185 961 15.
213 935 251 943 -
276 900 342 961 Sed
365 902 462 961 homo
489 905 653 978 potestate
673 899 832 976 praeditus
848 901 909 964 est,
925 912 992 955 non
1011 891 1110 954 modo

95 979 305 1056 concipiendi
318 979 582 1041 intellectualiter
595 982 683 1040 varia
697 979 828 1057 objecta
843 992 918 1053 qum
933 973 1024 1034 illum
1049 973 1112 1032 cir-

95 1064 271 1130 cumstant,
299 1077 413 1120 verum
439 1065 538 1122 etiam
557 1061 715 1120 facultate
731 1063 865 1119 ornatur
880 1051 1112 1115 manifestandi

94 1142 247 1216 proprios
274 1145 453 1215 conceptus
479 1142 549 1202 aliis
573 1140 771 1199 hominihus.
800 1141 875 1197 llaee
891 1132 1110 1194 manifestatio

94 1217 130 1278 fit
145 1235 207 1296 per
221 1220 315 1296 signa
330 1219 508 1288 sensibilia,
526 1236 601 1297 quta
618 1224 799 1294 conceptus
813 1233 905 1275 mere
926 1213 1111 1290 spirituales

95 1304 129 1359 et
142 1299 283 1360 aliorum
298 1316 432 1360 sensum
448 1301 645 1378 effugientes
661 1296 874 1374 patefaciunt.
889 1293 1112 1368 Quamobrem

95 1379 274 1454 disputatio
306 1379 347 1440 de
376 1380 515 1457 simplici
544 1379 809 1456 apprehensione
846 1375 911 1434 duo
938 1371 1112 1448 complecti

95 1457 209 1526 debet,
234 1459 398 1532 nimirum,
428 1463 456 1519 lo
478 1463 568 1536 ipsos
594 1462 786 1534 conceptus,
814 1457 846 1516 2³
870 1455 965 1532 signa
994 1452 1112 1530 quihus

95 1542 279 1614 conceplus
305 1540 449 1600 exterius
468 1537 732 1608 manifestantur,
756 1552 894 1613 quaque
915 1537 993 1593 sunt
1011 1530 1110 1593 velut'

93 1617 328 1678 indumentum
343 1624 564 1686 conceptuum
582 1639 588 1679 :
605 1619 682 1678 hinc
697 1631 845 1692 praesens
862 1618 959 1690 caput
973 1613 1007 1672 in
1029 1611 1113 1671 duos

95 1698 252 1758 articulos
276 1699 418 1776 dispesci
445 1697 556 1771 dehet,
584 1698 640 1775 qui
662 1702 846 1767 versantur,
873 1695 1005 1770 primus
1027 1692 1112 1752 cirea

95 1783 291 1854 conceptus
308 1777 486 1850 secundus,
506 1782 592 1840 circa
607 1779 703 1856 signa
718 1781 950 1852 conceptuum.

473 1891 688 1988 narremus
710 1925 732 1983 1.

435 2080 481 2139 De
503 2077 704 2152 conceptibus
720 2075 762 2154 (2)

443 2221 464 2270 Ι.
479 2222 543 2282 Quid
558 2225 596 2270 est
605 2223 757 2286 conceptus?

140 2344 186 2406 lo.
221 2345 343 2405 -Per
376 2352 571 2424 conceptum
600 2345 813 2426 objectiuum,
838 2345 886 2403 uti
912 2342 981 2417 jam
1013 2343 1112 2399 antea

96 2425 274 2495 innuimus,
301 2426 493 2503 intelligitur
524 2427 679 2505 quaedam
705 2423 937 2490 intellectualis
968 2420 1113 2496 objecto·

96 2521 170 2565 rum
191 2507 449 2581 repraesentatio.
475 2509 561 2566 Dum
586 2508 748 2582 concipio,
774 2524 804 2564 v.
836 2519 900 2580 gn,
930 2501 1111 2569 hominem,

97 2587 217 2656 Deum,
232 2589 309 2655 eto,
324 2589 649 2661 representationem
665 2584 842 2661 quamdam
857 2582 975 2641 horum
987 2579 1112 2638 entium

97 2667 131 2724 in
146 2680 200 2723 me
222 2664 375 2736 efform03
402 2666 566 2743 ejusmodi
588 2667 678 2726 notio
705 2665 873 2730 efformata
889 2660 971 2720 fines
992 2657 1111 2717 urentis

97 2760 165 2804 non
198 2744 378 2818 egreditur,
413 2750 515 2808 menti
541 2749 760 2821 repraesentat
790 2743 962 2819 objectum
994 2739 1111 2797 extrin-

98 2839 196 2884 secus
212 2824 368 2893 existens
392 2826 548 2886 etinhao
573 2824 746 2886 existentia
770 2840 788 2882 a
813 2827 923 2880 mente
947 2818 1110 2895 indepen-

99 2901 193 2964 dens.
218 2904 297 2966 ilinc
314 2901 438 2966 definiri
455 2910 565 2983 polest
581 2909 764 2980 eorroeplus
780 2922 785 2962 :
803 2901 983 2962 siotlla‘tuclo
999 2900 1116 2973 objecti

98 2984 132 3046 io
145 2989 250 3042 mente
264 2986 401 3044 calatoris

132 3059 273 3123 Diversa
288 3063 437 3128 adhiberi
452 3065 559 3124 solent
574 3067 707 3124 nomina
722 3061 821 3139 hujus
836 3057 989 3124 mentalis
1004 3056 1112 3116 simili-

97 3139 220 3203 tudinis
243 3141 461 3220 objectorum.
487 3145 610 3206 Dicitur
636 3150 814 3216 conceptos,
841 3140 916 3222 quia
942 3142 992 3198 est
1013 3135 1114 3197 veluti

127 3280 162 3345 (l)
177 3281 241 3350 Cum
254 3279 367 3330 definitio
381 3283 513 3348 utriusque
531 3287 667 3345 conceptus
686 3281 802 3329 intimam
816 3280 909 3327 haheat
932 3275 1114 3324 connexionem

95 3355 153 3411 eum
168 3357 247 3391 varus
258 3343 435 3406 systematihus
450 3345 481 3393 tle
496 3351 588 3394 natura
603 3345 727 3400 idearum,
742 3344 770 3389 lii
791 3346 817 3389 ut
838 3356 889 3388 non
906 3339 995 3387 eadem
1009 3339 1042 3388 sit
1062 3351 1115 3383 om-

94 3403 170 3456 nibus
190 3404 257 3453 ratio
276 3405 430 3470 disputandi.
446 3407 496 3455 Sed
511 3407 616 3456 hicnon
630 3405 730 3469 expedit
744 3405 841 3451 referre
855 3403 910 3450 illas
924 3401 1036 3448 ‹liversas
1051 3399 1114 3445 deli-

94 3463 216 3535 nitione5‚
241 3481 298 3528 quae
334 3467 400 3516 otius
420 3469 545 3520 obessent.
562 3483 637 3532 quam
652 3468 803 3532 prodessent
816 3462 926 3514 claritati
942 3477 956 3510 :¹
969 3460 1114 3526 genericam

95 3526 213 3580 dedamus
228 3528 304 3591 (Vide
316 3483 444 3594 iiletaphy.
461 3531 524 3596 disp.
538 3532 561 3580 ll
572 3547 592 3579 s.
604 3532 626 3580 l.
642 3546 668 3578 u.
686 3530 718 3590 1).

127 3633 162 3696 (2)
176 3634 214 3684 De
226 3636 275 3684 hae
291 3635 398 3686 materia
412 3635 515 3687 disserit
528 3639 560 3688 D.
577 3637 687 3687 Thomas
701 3637 727 3685 111
744 3632 897 3698 lAualytie.
921 3631 979 3680 loct.
994 3644 1013 3686 1,
1039 3627 1066 3676 iu

96 3696 273 3762 akraptysia
289 3697 348 3767 100.
363 3713 399 3749 iv.

468 3873 472 3880 ,
531 3865 534 3876 .

440 3877 481 3936 ,a
494 3875 523 3920 'a
