2650 4242
469 265 581 315 coerce
602 269 674 313 nans
696 274 727 314 n.
1048 254 1101 314 'tal
1191 231 1192 236 ἵ

75 388 191 456 parte,
208 380 387 443 affirmatur
396 389 526 459 portem
539 401 613 446 esse
626 385 829 447 elementum
841 383 983 463 subjecti
992 387 1106 446 totum.

80 463 187 538 Atqui
202 463 228 522 si
242 464 275 523 in
289 463 351 523 hoc
365 468 441 522 actu
457 469 546 524 esset
559 464 723 543 deceptio,
740 467 800 526 ille
811 482 902 527 error
916 467 1110 526 necessario

83 542 324 603 refunderetur
352 543 385 602 in
413 543 595 619 simplicem
620 547 919 623 apprehensionem
947 546 1104 621 subjectu

83 634 166 680 nam
177 639 272 682 mens
279 621 672 701 judicansnullumaffert
684 626 887 687 elementum
899 630 1105 695 extraneum,

83 701 168 763 nihil
183 700 276 762 addit
289 703 431 762 materia
451 720 551 780 quam
570 706 691 780 prabet
709 707 849 781 simplex
870 706 1104 780 apprehensio.

83 781 174 859 Ergo
191 783 279 842 nulla
294 780 414 843 falsitas
438 783 471 841 in
496 784 547 843 his
568 784 713 863 judiciis,
729 787 790 846 nisi
806 787 874 860 ipsa
892 786 1031 862 simplex
1046 801 1106 860 ap-

85 861 268 936 prehensio
284 863 326 921 sit
340 862 521 938 deceptrix,
540 879 601 924 seu
625 864 764 926 facultas
781 871 898 941 suapte
922 870 1037 925 natura
1064 864 1107 924 ad

83 939 210 1000 falsum
224 943 264 1000 sit
278 941 438 1002 ordinata.
1104 965 1108 976 ·

128 1021 292 1093 Probatur
304 1022 336 1081 2·
343 1038 426 1097 pars
441 1023 588 1093 minoris,
604 1039 726 1099 nempe
742 1023 946 1085 intellectum
961 1039 1035 1084 esse
1051 1038 1106 1083 ve

84 1115 202 1160 racem
215 1101 248 1160 in
258 1099 392 1178 judiciis
407 1101 600 1178 syntheticis
614 1103 832 1179 proferendis.
907 1123 910 1130 ·

128 1181 247 1241 Munus
260 1181 448 1242 intellectus
464 1183 496 1241 in
508 1181 642 1260 judiciis
656 1200 673 1242 a
691 1185 859 1258 posteriori
872 1187 905 1242 tn
921 1197 960 1242 eo
976 1183 1108 1243 sistit-ut

84 1259 235 1320 distincte
249 1265 444 1322 contuentur
458 1259 548 1338 quod
563 1265 725 1340 reperitur
739 1265 772 1323 in
788 1261 1003 1340 perceptione
1027 1279 1107 1324 sen=²

85 1338 186 1405 sibili,
203 1353 276 1417 quae
299 1347 350 1401 est
373 1344 509 1402 materia
530 1341 657 1419 J’udicii.
683 1343 780 1419 Atqui
803 1344 952 1405 distincta
980 1343 1107 1402 interdic

84 1417 187 1497 hujus
202 1420 342 1480 materia
356 1421 482 1481 nullum
497 1421 590 1481 ailert
607 1423 809 1483 elementum
821 1422 1033 1500 objectivum,
1046 1421 1106 1481 sed

84 1499 196 1558 solum
212 1500 244 1558 in
258 1499 319 1559 hac
334 1501 470 1562 materia
486 1503 625 1578 percipit
640 1501 730 1579 quod
744 1505 778 1563 in
794 1517 833 1562 ea
849 1507 910 1563 est.
926 1503 1010 1578 Ergo
1035 1502 1105 1562 nul-

84 1578 140 1637 lus
156 1595 248 1639 error
261 1580 426 1654 possibilis
440 1582 474 1639 in
489 1585 604 1642 urente
616 1584 661 1642 ita
671 1582 858 1660 judicante,
874 1583 936 1641 nisi
960 1581 1108 1642 intellec-

86 1662 142 1717 tus
156 1674 227 1718 rem
243 1659 386 1736 aliquam
401 1659 554 1722 distincte
570 1662 741 1738 percipere
758 1677 824 1724 non
838 1661 956 1726 valeat,
969 1675 1030 1722 seu
1044 1662 1105 1723 nisi

84 1741 206 1878 natrhra
221 1753 280 1798 sua
294 1754 361 1800 non
375 1740 417 1801 sit
431 1737 568 1801 facultas
582 1740 703 1803 idonea
719 1740 760 1802 ad
776 1739 1047 1817 cognoscendum
1071 1741 1105 1800 id

112 1833 154 1877 uo
196 1824 256 1878 est.

87 1835 111 1896 q
127 1899 254 1958 Revera
269 1897 302 1958 in
315 1897 378 1959 hoc
389 1897 515 1976 judicio
532 1916 550 1960 a
564 1900 737 1974 posteriori
755 1920 761 1960 :
779 1900 828 1960 sol
843 1899 1015 1969 illuminat,
1031 1912 1107 1967 seu,

87 1977 140 2038 sol
154 1983 207 2038 est
220 1978 417 2038 illuminans
435 1983 571 2039 materia
586 1979 683 2057 hujus
695 1979 822 2056 ,iudicii
841 1995 938 2056 qnam
960 1977 1105 2054 prebent

87 2072 210 2118 sensus
224 2060 361 2129 externi,
379 2061 430 2119 est
443 2059 491 2118 sot
506 2075 578 2120 curn
594 2076 655 2119 sna
669 2060 756 2132 tuce·
768 2075 887 2120 sensus
903 2058 990 2120 enirn
1001 2055 1105 2132 perci—

85 2137 184 2213 piunt
198 2137 302 2198 solem
318 2154 383 2199 non
395 2141 543 2207 seorsim,
558 2139 618 2199 sed
630 2140 734 2217 solem
747 2140 844 2200 simul
857 2143 889 2200 et
901 2138 973 2211 eius
983 2138 1102 2197 lucem.

87 2217 278 2278 intellectus
293 2217 432 2295 percipit
445 2219 479 2277 in
493 2219 553 2278 hac
568 2219 740 2280 intuitione
759 2218 905 2280 sensibili
920 2219 1024 2278 solem
1037 2221 1105 2275 tan-

85 2313 190 2374 quam
207 2296 394 2358 distinctum
409 2313 428 2357 a
442 2313 501 2358 sua
516 2298 602 2369 luce,
620 2304 654 2359 et
669 2296 807 2359 affirmat
825 2294 1033 2359 solummodo
1058 2297 1105 2354 tu-

84 2393 154 2438 ccm
170 2379 217 2438 ad
228 2379 329 2437 solem
340 2380 511 2452 perimere,
528 2395 568 2438 ac
583 2377 722 2454 proinde
738 2379 930 2453 simpliciter
940 2380 1107 2437 asseverat

86 2455 130 2516 de
144 2455 233 2517 iacto
250 2456 283 2517 id
297 2455 387 2534 quod
403 2460 500 2516 estin
515 2455 610 2518 facto.
628 2459 712 2538 Ergo
728 2459 755 2518 si
771 2464 860 2518 esset
871 2456 1036 2532 deceptio,
1050 2454 1106 2514 de-

86 2538 199 2613 ceptio
214 2537 280 2596 haec
289 2536 522 2597 refunderetur
532 2538 599 2598 sive
610 2540 643 2597 in
655 2538 845 2602 sensibilem
858 2536 1104 2614 perceptionem

85 2633 161 2693 quae
175 2616 366 2693 suppeditat
379 2618 558 2677 materiam.
578 2619 646 2678 sive
661 2618 695 2678 in
710 2617 895 2678 absolutam
918 2615 1105 2692 intellectus

84 2699 341 2772 incapacitatem
357 2694 580 2773 cognoscendi
595 2696 628 2757 id
644 2697 732 2773 quod
750 2697 811 2757 est.

127 2777 174 2836 Ex
190 2776 334 2853 probatis
349 2779 531 2854 generatim
548 2775 748 2838 concludere
763 2791 939 2853 possumus
954 2773 1102 2834 intellec-

87 2859 158 2915 tum
174 2871 249 2916 esse
261 2872 423 2930 veracem,
439 2857 508 2916 sive
523 2858 555 2916 ln
567 2854 701 2935 judiciis
716 2856 899 2936 analyticis,
916 2857 983 2918 sive
999 2856 1031 2914 in
1042 2853 1108 2931 ,ju-.

84 2933 393 3016 diciissyntheticis
1096 2983 1097 2986 ι

457 3062 475 3124 5
494 3060 525 3113 ll.
546 3061 586 3113 De
605 3057 732 3116 ratione.

127 3173 196 3235 194.
213 3205 252 3217 -
267 3172 383 3248 Quoad
398 3171 554 3234 veritates
569 3189 639 3250 qua
655 3189 718 3234 nec
739 3189 850 3243 sensu,
868 3188 930 3233 nec
955 3171 1105 3233 idearum

83 3253 351 3315 consideratione
363 3253 551 3313 immediate
563 3255 658 3314 nobis
671 3256 796 3330 patent,
809 3253 977 3314 ratiocinio
989 3251 1036 3312 uti
1049 3251 1105 3310 de-

83 3333 204 3393 bemus
218 3339 255 3395 ut
270 3350 326 3395 eas
341 3332 594 3409 deprehendere
618 3333 798 3393 valeamus.
815 3333 931 3394 Munus
955 3347 1035 3409 ergo
1055 3348 1106 3390 ra-

83 3415 183 3474 tionis
196 3419 248 3474 est
262 3414 421 3492 detegere
435 3417 591 3475 veritates
603 3413 674 3473 illas
686 3429 756 3489 quae
772 3427 837 3472 non
849 3417 925 3472 sunt
937 3410 1104 3487 simplices

82 3493 380 3569 apprehensiones,
396 3509 506 3570 neque
516 3492 640 3570 judicia
656 3491 847 3552 immediata
861 3494 929 3553 slve
941 3491 1101 3569 analytica

82 3576 155 3636 sive
170 3574 365 3652 synthetica.
383 3572 533 3634 Officium
547 3572 627 3634 illud
641 3572 777 3633 rationis
792 3587 907 3634 verum
930 3572 1082 3649 inquiren

84 3651 127 3714 tis
143 3657 195 3715 est
208 3655 413 3716 ratiocinari.
966 3707 968 3714 .
1068 3683 1070 3686 ·
