2650 4242
453 265 570 314 tossen
589 264 661 310 etas
683 268 715 310 11.
1038 245 1094 320 iil

70 377 167 442 mido
193 379 323 440 errandi
338 385 444 442 cessat
468 383 578 442 statim
601 397 640 442 ac
664 381 754 442 nulia
774 383 927 450 remanet
950 380 1092 456 suspicio

71 459 170 536 quod
193 474 248 520 res
270 459 363 521 aliter
382 477 420 522 se
434 460 556 522 habere
568 465 668 538 queat
689 477 726 522 ac
741 465 890 538 apparet,
907 475 968 526 seu
992 474 1094 538 quan·

72 539 117 604 do
133 540 312 601 necessitas
325 541 554 618 propositionis
569 544 620 600 est
633 540 733 616 plane
748 543 927 617 comperta.

113 621 205 698 Ergo
220 619 292 679 haee
307 620 489 681 necessitas
503 619 736 696 propositionis
761 636 821 680 seu
847 617 1011 680 evidentia
1025 614 1098 678 veri·

72 697 240 779 (155344)
256 698 414 776 propositi
428 701 531 760 menti
540 700 763 772 innotescens,
779 704 828 760 est
840 699 1002 761 criterium
1012 697 1095 758 veri-

74 783 165 853 tatis,
190 778 302 850 idest,
325 781 484 841 motivum
506 778 729 840 determinans
753 795 925 840 assensum
951 781 1092 847 eertum;

74 862 190 920 statim
205 875 244 919 ac
260 861 489 936 cognoscimus
503 875 574 919 rem
594 860 782 920 necessario
803 861 847 920 ita
863 874 947 928 esse,
976 855 1095 926 veritas

75 937 315 1017 propositionis
328 937 363 999 fit
383 939 479 1000 nobis
494 941 682 1016 perspicua,
701 945 733 1000 et
747 955 919 1000 assensum
940 935 1093 998 determi-

76 1024 138 1081 nat
152 1023 292 1080 certum.

119 1101 155 1160 2⁰
171 1100 206 1159 Si
228 1099 373 1174 partialia
387 1099 510 1159 motiva
530 1094 645 1158 sedulo
661 1097 897 1176 investigemus
913 1097 1031 1173 quibus
1042 1092 1097 1163 ad-

77 1177 237 1255 ducimur
264 1177 306 1238 ad
336 1177 577 1246 certitudinem,
606 1175 792 1238 videbimus
823 1192 860 1238 ea
898 1174 1030 1236 refundi
1064 1177 1098 1234 in

77 1257 255 1336 quoddam
267 1259 427 1318 motivum
441 1257 610 1338 generale.
628 1255 710 1318 iliud
727 1264 776 1317 est
788 1258 1003 1333 perspicuitas
1016 1255 1098 1315 oeri-

80 1340 148 1399 etis
163 1355 228 1400 seu
250 1339 322 1412 ipso
344 1338 460 1399 entitas
480 1337 603 1416 objecti
625 1341 724 1413 prout
751 1338 793 1398 ita
816 1335 1037 1396 contuendam
1062 1348 1099 1393 se

76 1419 221 1498 porrigit
234 1423 272 1477 ut
293 1422 456 1492 appareat
477 1417 664 1477 necessario
686 1431 760 1477 esse
790 1417 872 1476 sicut
893 1432 929 1475 se
953 1414 1097 1493 porrigit.

122 1496 298 1573 Exemplo.
338 1499 368 1556 l⁰
402 1497 517 1570 Quoad
541 1495 668 1576 judicia
694 1495 866 1558 rationalia
897 1492 1098 1562 immediata.

80 1594 210 1659 nempe
224 1592 365 1656 quorum
381 1579 543 1638 elementa
558 1582 634 1637 sunt
653 1574 733 1638 idea
756 1573 1044 1643 universalissima,
1068 1577 1102 1634 et
1216 1563 1218 1570 '

77 1657 161 1720 ideo
177 1657 475 1733 comprehensione
496 1660 648 1718 notarum
662 1655 916 1732 simplicissima,
933 1659 968 1713 ut
983 1655 1034 1713 est
1047 1666 1100 1713 se·

81 1753 212 1816 quens3
229 1741 334 1797 totum
348 1741 399 1796 est
412 1736 705 1816 majussuaparte‚
715 1736 872 1796 motivum
887 1749 1042 1794 assensus
1054 1734 1104 1792 est

76 1819 302 1894 perspicuitas
312 1831 414 1877 oenus
428 1819 602 1878 necessarii
615 1818 701 1879 inter
715 1814 902 1894 subjectum
917 1820 949 1876 et
963 1812 1103 1874 attribu·

81 1904 166 1968 tum,
193 1912 254 1958 seu
270 1895 433 1957 evidentia
454 1897 695 1973 propositionis.

125 1975 295 2038 uindicta
308 1973 450 2036 mediata
464 1981 501 2036 ut
516 1981 601 2036 certa
621 1975 785 2036 habentur
805 1974 912 2032 statim
937 1989 976 2032 ac
997 1986 1102 2032 nexus

83 2058 208 2118 horum
220 2056 421 2135 Judiciorum
447 2071 523 2117 cum
543 2055 703 2132 principio
727 2057 815 2114 certo
837 2050 874 2113 fit
894 2051 1101 2127 perspicuos:

85 2135 224 2215 quando
239 2150 334 2196 mens
355 2134 444 2196 videt
456 2152 580 2196 nexum
595 2151 655 2195 seu
674 2131 1099 2211 intelligit-demonstratio-

85 2233 179 2284 nem,
195 2213 304 2277 evadit
319 2219 419 2276 certa.
437 2214 601 2291 Quamdiu
613 2216 668 2274 hie
679 2229 783 2273 nexus
805 2228 872 2272 non
890 2208 927 2271 fit
946 2211 991 2271 ita
1005 2209 1100 2268 intei-

86 2296 221 2376 ligibilis
248 2299 285 2355 ut
306 2295 434 2356 eluceat
457 2311 529 2357 rem
552 2296 727 2356 neccessario
748 2294 796 2352 ito
820 2308 895 2363 esse,
918 2305 1012 2351 mens
1034 2304 1101 2349 non

136 2376 242 2438 iescit.

89 2394 216 2534 quErgo
230 2453 387 2515 indicium
401 2454 545 2534 veritatis
560 2456 610 2512 est
629 2451 816 2512 necessaria
833 2448 904 2528 ejus
919 2445 1102 2526 intelligibi-

89 2537 165 2597 litas
180 2536 284 2595 menti
298 2537 519 2594 innotescens.

130 2617 163 2677 3ο
178 2616 210 2674 Si
226 2614 333 2693 agitur
348 2613 389 2674 de
399 2612 525 2691 judicio
542 2608 801 2688 experimentali,
817 2625 845 2668 v.
863 2622 927 2684 gr„
943 2605 995 2666 hic
1019 2605 1103 2680 lapis

92 2701 144 2756 est
166 2697 275 2772 niger;
291 2695 406 2754 statim
430 2709 469 2754 ac
492 2691 574 2767 lapis
598 2693 642 2752 ita
656 2689 760 2750 oculis
784 2686 819 2748 fit
836 2688 1042 2764 perspicuus,
1068 2688 1104 2743 ut

92 2776 181 2836 clare
205 2773 454 2850 deprehendam
469 2770 613 2848 lapidem
628 2773 672 2830 ita
694 2785 768 2830 esse
785 2774 818 2828 et
832 2781 898 2828 non
914 2766 1018 2834 aliter,
1035 2779 1104 2824 cer·

93 2862 147 2917 tus
167 2870 253 2914 sum.
271 2853 428 2914 indicium
441 2854 510 2912 veri
533 2855 583 2910 est
597 2851 696 2910 etiam
711 2848 927 2925 perspicuitas
949 2843 1081 2922 objecti.

134 2934 295 2995 indicium
316 2950 407 3011 ergo,
421 2948 486 3014 quo
502 2930 583 2990 ratio
599 2924 900 2990 naturaliterutitur
922 2922 964 2986 ad
984 2925 1105 2985 verita-

93 3019 163 3075 tem
178 3012 440 3084 discernendam,
458 3016 508 3072 est
522 3008 695 3071 evidentia.

133 3095 206 3157 249.
228 3128 267 3136 -
283 3093 426 3154 Sciotie.
451 3092 473 3152 i.
504 3090 702 3157 intellectus,
713 3103 775 3160 per
795 3103 827 3146 se
843 3087 1021 3160 spectatus.
1044 3096 1105 3142 ve-

93 3173 177 3235 ritati
196 3191 266 3251 quae
286 3174 349 3250 ipsi
363 3169 499 3233 evidens
522 3176 582 3241 est,
600 3182 772 3228 assensum
788 3165 956 3239 denegare
972 3161 1103 3251 nequit3

94 3269 172 3314 nam
194 3253 378 3314 intellectus
394 3258 444 3312 est
457 3251 603 3328 potentia
616 3247 804 3319 necessario
821 3259 937 3322 agene,
954 3243 1107 3308 nimirum

95 3350 166 3411 quae
182 3349 201 3394 a
222 3348 281 3392 suo
297 3333 429 3411 obJ'eeto
442 3329 679 3392 determinatur
690 3325 732 3386 ad
743 3330 862 3385 aetum.
875 3325 1108 3382 Verumtamen

96 3413 282 3476 intellectus
297 3429 357 3489 per
371 3411 547 3472 voluntatis
568 3406 738 3477 influxum,
756 3405 932 3480 aliqnando
944 3406 1052 3478 potest
1066 3399 1106 3460 ab

97 3509 236 3568 assensu
250 3492 369 3552 retrahi
383 3488 436 3571 (l).
448 3491 521 3551 Dixi
530 3487 719 3564 aliquando,
732 3498 810 3545 nam
826 3480 935 3561 quoad
954 3480 1108 3541 veritates

127 3670 162 3734 (l)
177 3667 237 3720 vid.
251 3671 339 3716 notam
353 3663 387 3716 ad
400 3679 471 3715 num.
487 3661 539 3713 tat.
