2650 4242
317 238 515 283 mamrsrm
537 240 623 292 eus..
642 237 700 283 ssu
721 238 904 283 osmuoma.
1058 218 1118 281 0117

101 370 178 431 que
191 351 234 413 ad
247 352 417 431 objectum
429 352 604 432 ontologiae
616 354 795 429 pertinent
811 356 951 429 possunt
965 349 1116 413 conside·

101 436 170 494 rari
195 436 225 495 10
247 431 359 511 quoad
380 435 486 509 ipsam
510 433 705 501 realitatem.
730 436 762 490 9⁰
780 432 891 511 quoad
911 432 1119 494 existentiam

103 512 336 590 existendique
359 512 508 573 modum.
531 512 598 573 lius
619 514 719 577 enim.
744 518 782 573 ut
805 516 934 572 constat
958 528 999 571 ex
1023 510 1119 574 dictis

102 592 200 673 (257),
208 598 319 669 potest
329 594 458 668 concipi
469 595 499 654 10
507 598 606 668 prout
615 597 667 652 est
673 592 822 669 quedam
829 592 976 656 restitas:
984 594 1118 669 mpmm

103 674 229 743 existit;
246 673 400 750 quocirca
414 672 479 734 dici
492 677 602 748 potest
614 672 799 747 perfectum
813 676 978 749 quatenus
987 672 1031 731 iili
1040 672 1121 734 nihil

105 752 203 815 deest
215 755 285 813 sive
298 754 334 812 iu
346 750 462 814 ordine
477 752 646 816 rectitatis.
661 754 731 814 sive
746 755 778 812 in
794 751 911 813 ortiine
929 753 1116 813 existentia.

144 835 225 894 ilinc
239 840 338 909 caput
350 846 494 908 presens
509 830 553 892 de
566 830 828 908 perfectionibus
844 832 969 893 entium
983 832 1018 892 in
1033 832 1118 895 duos

105 914 259 975 articulos
273 912 469 973 dividemus.

476 1034 694 1097 annicetus
716 1037 739 1096 l.

204 1172 251 1228 De
273 1170 396 1227 entium
413 1168 669 1242 perfectionibus
690 1170 801 1243 quoad
822 1166 1018 1226 reatitetcm.

143 1292 216 1352 435.
232 1320 268 1333 -
283 1292 350 1351 lins
364 1289 497 1367 aliquod
506 1295 698 1366 spectatum
708 1292 741 1350 in
753 1304 801 1357 se,
818 1304 880 1349 seu
893 1305 958 1365 pre
972 1286 1120 1349 realitate

103 1386 173 1449 qua
188 1374 327 1439 constat,
345 1376 397 1430 est
411 1369 542 1431 realitas
557 1369 707 1448 quedam
720 1370 775 1429 ret
795 1369 934 1444 simplex
954 1368 1006 1427 rel
1028 1383 1117 1429 com·

104 1450 227 1529 posita:
255 1453 290 1512 in
313 1450 376 1509 hoc
399 1446 512 1511 ultimo
537 1466 617 1510 casu
631 1449 766 1509 exhibet
790 1446 924 1527 aliquod
950 1452 1056 1508 totum
1080 1462 1121 1508 ex

106 1532 253 1606 partibus
269 1530 471 1590 coalescens.
488 1530 554 1589 llus
568 1533 667 1591 etiam
678 1528 812 1607 aliquod
824 1526 951 1605 concipi
961 1532 1071 1605 potest
1084 1532 1121 1589 ut

103 1611 233 1673 hahens
248 1610 393 1686 aliquam
404 1609 591 1671 realitatem
603 1607 775 1677 infinitam,
793 1611 826 1668 et
848 1616 924 1669 tuno
949 1611 1022 1687 ejus
1041 1623 1117 1684 per·

104 1688 202 1751 sectio
219 1695 270 1750 est
283 1690 439 1764 insiteites,
452 1690 507 1749 vei
520 1693 556 1750 ut
575 1690 704 1749 hahens
723 1688 907 1748 caetitatem
930 1684 1067 1759 finitam,
1087 1690 1121 1748 et

105 1775 183 1830 tunc
197 1770 278 1835 ratio
293 1766 374 1830 finiti
391 1769 557 1830 constituit
572 1769 645 1848 ejus
659 1766 908 1846 perfectionem.
926 1768 979 1828 llis
992 1768 1034 1830 de
1045 1783 1119 1829 cau·

104 1850 151 1911 sis
166 1849 328 1910 disserere
344 1849 494 1909 hocloco
513 1851 543 1908 10
557 1848 600 1909 de
614 1849 754 1925 simplici
769 1853 802 1909 et
817 1849 1012 1925 composito,
1028 1849 1060 1909 20
1075 1845 1118 1908 de

103 1928 196 1991 finito
213 1934 247 1990 et
258 1928 385 1991 infinito
402 1927 550 2005 expedit.

339 2054 359 2116 s
371 2052 393 2105 1.
408 2052 449 2105 De
462 2048 626 2121 composito
639 2050 670 2103 et
685 2048 810 2119 simplici
826 2048 878 2119 (a).

237 2126 241 2135 Ι
485 2180 490 2189 ·
512 2170 553 2221 De
565 2167 715 2235 composito.

142 2278 213 2339 436.
228 2314 266 2323 -
281 2276 492 2355 Compositio,
508 2277 683 2356 quejuxta
698 2278 764 2337 vim
778 2278 918 2338 nominis
934 2280 967 2337 et
988 2276 1119 2337 univer-

104 2357 167 2421 sim
182 2364 232 2419 est
246 2358 343 2419 simul
357 2358 476 2435 positio
490 2356 629 2417 duarum
643 2373 755 2417 rerum
772 2374 810 2419 ex
826 2357 945 2436 quihus
960 2358 1053 2419 tertia
1065 2372 1118 2417 re·

103 2439 216 2509 sudat,
232 2439 335 2515 accipi
350 2441 460 2516 potest
477 2439 505 2496 1⁰
520 2439 634 2509 active,
649 2452 772 2513 nempe
789 2454 847 2513 pro
862 2439 1008 2498 unitione
1023 2436 1119 2499 unius

105 2534 182 2579 cum
202 2518 317 2589 altere,
334 2525 367 2577 et
380 2518 441 2579 dici
460 2517 543 2578 solet
563 2518 755 2593 compositio
776 2518 820 2578 ad
837 2518 912 2587 haec,
933 2518 965 2576 2⁰
979 2518 1118 2592 passive,

103 2612 165 2673 pro
181 2614 216 2657 re
231 2600 301 2674 ipsa
318 2597 446 2666 effecta,
461 2612 583 2673 nempe
594 2614 657 2673 pro
672 2613 737 2656 uno
752 2598 953 2672 carptoribus
961 2596 1119 2656 resultan-

104 2682 146 2748 te,
164 2684 198 2737 et
210 2678 394 2757 appellatur
408 2678 599 2754 compositio
613 2693 655 2737 ec
668 2678 729 2752 his,
747 2682 780 2737 et
795 2681 845 2737 est
857 2676 964 2755 ipsum
984 2691 1120 2752 compo·-

102 2757 215 2819 situm.

145 2839 210 2899 lius
230 2851 310 2914 ergo
331 2836 548 2912 compositum
568 2838 620 2896 est
638 2835 675 2897 et
693 2850 786 2895 omree
806 2834 893 2909 quod
911 2833 1120 2909 expluribus

105 2922 227 2978 constat
241 2916 339 2976 simut
348 2918 482 2993 junctis.
502 2916 614 2976 Potest
635 2930 715 2994 ergo
738 2915 953 2991 compositum
972 2913 1005 2972 in
1025 2913 1118 2991 plura

63 3026 68 3033 ·
105 2996 237 3058 resolvi.

145 3078 215 3138 437.
240 3109 278 3117 -
300 3075 499 3151 Compositio
522 3073 639 3149 triplex
659 3072 817 3152 dIstingui
835 3070 930 3145 solet,
947 3070 1044 3131 realis
1059 3086 1121 3133 seu

104 3156 257 3236 physica,
272 3156 380 3234 logica
396 3159 429 3216 et
443 3155 678 3232 metaphysica.

147 3239 177 3299 1⁰
191 3236 387 3311 Compositio
404 3232 521 3295 dicitur
532 3233 677 3309 physica,
692 3231 823 3312 quando
836 3230 983 3308 exsurgit
993 3245 1034 3291 ex
1047 3244 1120 3306 par·

104 3316 193 3379 tibus
214 3315 345 3376 realiter
357 3314 508 3386 diversis;
527 3314 599 3392 ejus
616 3307 695 3391 er'go
713 3312 944 3389 componentia
960 3316 1036 3371 sunt
1050 3324 1120 3371 rea·

105 3395 180 3457 liter
196 3395 347 3455 distincta
362 3394 413 3471 (99
430 3396 469 3465 10,
494 3396 528 3453 et
549 3390 678 3470 38610);
695 3409 726 3452 v.
743 3406 793 3469 gr.
811 3392 938 3451 animus
954 3393 988 3452 et
1001 3404 1121 3466 corpus

104 3475 139 3537 in
152 3477 298 3538 homine.
315 3476 429 3552 ltaque
450 3471 492 3533 ad
508 3470 781 3548 compositionem
800 3470 971 3550 physicam
990 3471 1051 3531 tria
1065 3484 1128 3541 re·,

96 3631 100 3637 ·
140 3620 334 3683 (olD.Thom.
349 3634 375 3684 p.
390 3620 410 3669 1.
428 3634 470 3685 qu.
486 3616 647 3667 dorth·
662 3613 911 3681 Contraqenteelib
933 3612 1009 3678 Scap
1035 3612 1090 3664 118.
