2650 4242
37 3898 104 3923 indm„

195 369 253 432 190
498 383 677 430 uuuvrmmu
697 383 900 430 ruinosorurm

195 499 339 562 carentia
366 499 521 569 sanitatis,
552 495 632 568 vitae,
655 496 849 576 integritatis
883 497 1109 561 membrorum
1152 503 1217 560 aut

194 577 394 652 facultatum,
425 582 476 638 est
500 577 624 638 malum
651 578 836 657 physicum.
861 575 1050 642 Deficientia
1065 580 1216 645 aetionis

192 659 302 720 libera
316 674 335 719 a
349 671 478 717 morum
492 657 607 736 regula
622 665 672 719 est
686 658 810 720 malum
824 658 959 720 morale.

233 739 311 800 Huic
327 736 476 797 divisioni
489 738 676 797 membrum
691 739 822 798 tertium
846 736 972 800 addidit
994 738 1215 810 LeibnitziuS,

193 833 315 894 nempe
325 817 447 877 malum
456 817 710 893 metaphysioum
720 816 809 895 quod
822 825 870 880 est
884 821 1028 880 carentia
1038 819 1218 881 ulterioris

189 898 408 974 perfectiouis.
429 894 496 956 Sed
511 892 662 958 defectus
676 899 738 959 iste
752 897 876 960 altioris
898 896 1109 975 perfectionis
1133 915 1214 960 ma·

196 979 264 1038 lum
289 975 352 1037 diei
379 975 504 1052 nequit,
533 990 610 1037 nam
638 982 689 1038 εει
714 992 806 1038 mera
833 977 965 1057 negatio
992 977 1214 1056 perfectionis

195 1056 346 1118 indebitae
361 1053 455 1134 (321).

235 1136 267 1196 2⁰
280 1135 400 1198 Malum
414 1133 566 1201 dividitur
579 1135 613 1195 in
629 1132 812 1196 absolutum
825 1141 854 1196 et
877 1136 1060 1208 relativum,
1088 1152 1164 1214 quae
1191 1153 1214 1198 a

196 1213 228 1276 S.
263 1216 385 1277 Thema
419 1215 626 1291 appellantur
659 1216 784 1276 malurn
818 1215 1006 1292 simpliciter
1025 1221 1057 1277 et
1079 1218 1212 1278 malum

195 1298 366 1358 secuudum
394 1297 483 1368 quid.
510 1293 652 1354 Primum
681 1299 732 1356 εει
759 1294 894 1371 privatio
923 1295 1001 1356 bani
1030 1296 1147 1368 debiti,
1175 1301 1212 1357 et

195 1373 373 1451 apponitur
395 1374 530 1435 bonitati
544 1374 699 1434 absoluta
725 1373 807 1452 (318,
838 1372 902 1452 ll⁰);
934 1376 1121 1438 seeundum
1158 1382 1213 1438 est

196 1455 319 1532 aliquid
332 1457 367 1516 in
381 1469 418 1532 se
432 1454 565 1526 honum,
581 1453 642 1514 sed
662 1453 756 1516 alteri
782 1453 1015 1518 detrimentum
1041 1454 1206 1532 inserens3

195 1549 226 1595 v.
243 1552 276 1614 g.
289 1532 415 1612 justitia
425 1532 558 1611 judicis.

235 1617 267 1676 3⁰
282 1613 440 1674 Dividitur
453 1615 486 1674 in
500 1611 625 1672 malum
636 1611 739 1688 eulpae
753 1615 786 1674 et
796 1611 1029 1690 malumpoeua
1042 1615 1210 1678 :Primum

195 1697 350 1773 importat
362 1690 638 1755 inordinationem
651 1692 686 1752 in
701 1695 829 1755 actione
844 1693 898 1755 vel
910 1694 1088 1757 omissione
1098 1696 1210 1757 libera

195 1774 379 1842 voluntatis,
409 1788 448 1834 ae
475 1772 614 1850 proinde
643 1771 798 1834 coincidit
826 1788 901 1834 aum
930 1775 1017 1835 malo
1051 1776 1173 1837 morali
1200 1797 1207 1836 :
1318 1763 1319 1782 ¹

197 1857 335 1917 alterum
350 1855 402 1913 est
416 1851 549 1930 privatio
564 1851 641 1912 bani
657 1851 699 1912 ob
715 1852 845 1929 culpam
868 1841 1007 1929 inflicta3
1032 1871 1064 1917 v.
1081 1873 1116 1934 g.
1142 1855 1209 1932 pri-

195 1937 280 1999 vatio
295 1932 452 1995 libertatis
466 1931 552 1994 sonti
564 1932 721 2009 irrogata.

525 2126 529 2131 ,
551 2069 584 2118 ΙΙ.
599 2069 637 2119 De
650 2065 750 2134 origine
764 2067 832 2118 mali.

236 2190 306 2252 324.
323 2185 492 2262 -Quoad
507 2185 670 2264 originem
698 2185 775 2249 mali
804 2191 837 2247 ει
863 2189 1105 2266 oppositionem
1134 2209 1211 2272 quae

197 2269 304 2332 existit
316 2268 403 2329 inter
416 2267 542 2328 honum
557 2270 591 2327 et
604 2266 738 2339 malum,
752 2264 887 2327 adverte
904 2285 912 2327 :
939 2269 969 2329 l⁰
992 2272 1128 2344 malum,
1155 2277 1212 2337 vel

196 2365 270 2412 esse
284 2347 406 2409 malum
422 2345 572 2424 subjecto
586 2345 621 2405 in
636 2361 701 2422 quo
718 2350 780 2418 est,
795 2346 848 2407 vel
863 2361 937 2408 esse
952 2350 1075 2414 malum
1097 2353 1206 2415 alteri.
1317 2369 1318 2399 ι

233 2432 266 2492 2⁰
287 2429 415 2489 Bonum
438 2431 471 2486 et
492 2424 614 2486 malum
639 2424 840 2487 considerari
864 2441 963 2502 posse
978 2433 1210 2509 materialiter,

193 2523 316 2584 nempe
330 2505 515 2567 secundum
528 2520 583 2565 res
597 2507 685 2581 ipsas
696 2522 766 2582 quae
776 2505 869 2567 honae
879 2505 932 2567 vel
944 2510 1035 2570 malae
1049 2517 1138 2586 sunt,
1151 2519 1211 2575 aut

192 2587 391 2666 formaliter,
416 2585 541 2647 seilicet
567 2585 752 2646 secundum
778 2584 866 2662 ipsas
894 2586 1038 2650 rationes
1064 2591 1144 2656 boni
1175 2599 1209 2655 et

194 2670 361 2810 migenum
385 2749 421 2806 et
443 2744 567 2804 malum
579 2740 761 2805 formaliter
775 2743 992 2822 considerata,
1006 2748 1040 2809 in
1054 2749 1207 2830 subjecto

193 2824 576 2922 opponunturpriuatiue.

195 2961 263 3025 325.
281 2995 319 3004 —
332 2961 439 3021 Tarsis
453 2958 476 3018 l.
492 2955 618 3017 Maium
629 2972 694 3018 aaa
708 2960 751 3017 est
765 2958 829 3018 uisi
840 2959 874 3018 iu
886 2959 1025 3036 subjecto
1040 2961 1133 3024 douo.

234 3089 404 3152 Probatur.
419 3087 539 3147 Malum
553 3090 603 3146 εει
613 3085 751 3162 privatio
766 3085 854 3147 bani.
870 3088 968 3166 Atqui
982 3093 1116 3167 privatio
1128 3112 1205 3173 per.

195 3169 347 3233 feetionis
372 3166 487 3228 debitae
510 3168 627 3242 nequit
651 3180 725 3226 esse
749 3165 811 3226 nisi
834 3165 868 3226 in
886 3167 994 3246 aliquo
1011 3177 1099 3245 ente,
1116 3177 1209 3252 quod
1316 3183 1317 3232 ι

195 3252 279 3331 (317,
294 3243 365 3326 319)
390 3251 527 3308 eatenus
551 3251 601 3306 est
621 3245 760 3337 bonum,
773 3249 937 3322 quatenus
961 3256 1012 3310 est
1034 3267 1106 3314 ens.
1121 3257 1206 3336 Ergo

196 3330 400 3392 malum-nan
413 3329 523 3404 potest
547 3339 620 3386 esse
642 3326 707 3386 nisi
728 3340 763 3386 m
788 3329 865 3388 ente
888 3326 990 3405 bana,
1003 3334 1160 3412 tanquam
1174 3339 1208 3398 jn

196 3410 360 3490 subjecta.

197 3543 267 3606 326.
283 3571 324 3586 -
335 3540 443 3602 'lamis
457 3538 493 3598 ll.
510 3539 635 3598 Bonum
648 3540 693 3598 est
707 3553 808 3600 eausa
820 3539 962 3616 efficiens
974 3545 1066 3608 mati.

236 3673 412 3735 Probatur.
425 3668 544 3730 Malum
560 3671 611 3729 est
623 3668 760 3745 privatio
774 3667 985 3747 perfectionis
1007 3677 1133 3744 debita.
1149 3684 1204 3746 At·

201 3753 256 3830 qui
270 3748 428 3828 perfectio
446 3746 555 3812 debita
568 3761 589 3811 a
601 3746 764 3828 subjecta,
782 3751 835 3817 cui
847 3756 1038 3822 naturaliter
1052 3759 1203 3840 debetur,
