2650 4242
306 254 508 299 unrlnursrcn
529 255 611 308 cun,
633 252 689 298 suu
711 248 891 295 1111111111.
1023 278 1026 285 .
1052 232 1112 296 259

95 364 248 443 angelica
262 379 330 427 non
346 371 396 427 est
409 367 527 426 rationi
540 365 689 425 humanae
708 364 795 427 omni
811 380 853 425 ex
866 367 959 440 parte
983 350 1115 440 pervim*

96 444 172 523 ejus
188 444 368 523 disquisitio
384 444 428 505 ad
443 446 643 523 ontologiam
658 458 725 505 non
740 445 892 521 pertinet.
907 446 1030 505 'lamen
1054 461 1112 523 po-

95 528 161 585 test
173 527 355 603 generatim
372 523 436 585 dici
451 530 562 585 contra
577 526 711 600 primam
737 522 944 596 sententiam,
961 521 1051 601 quod
1078 523 1113 583 in

94 604 303 665 substantiali
318 605 490 666 existentia
505 605 697 683 angelorum
714 616 781 663 non
798 606 847 662 est
860 603 959 663 realis
981 619 1113 665 succes-

96 687 146 745 sio
154 706 163 759 ;
172 688 374 763 quapropter
383 700 483 745 aevum
494 700 560 745 non
570 688 679 761 potest
690 697 763 743 esse
776 681 901 744 duratio
914 684 1111 745 successiva.

396 876 400 879 .
490 839 535 887 ΙΙΙ.
549 838 587 888 De
600 843 724 904 tempore.

139 1000 211 1061 469.
229 1032 266 1041 -
281 999 450 1074 Temporis
465 1002 581 1058 natura
605 1001 655 1057 est
678 998 762 1061 adeo
784 998 947 1076 explicatu
963 999 1113 1079 difficilis,

101 1085 138 1141 ut
150 1085 283 1141 sanctus
301 1079 515 1157 Augustinus,
540 1079 573 1135 in
596 1078 679 1138 libro
704 1080 744 1139 XI
771 1081 1022 1155 confessionum,
1040 1100 1114 1160 cap.

104 1161 153 1234 14,
167 1157 310 1220 fateatur
322 1157 409 1218 1111113
423 1158 568 1216 notitiam
593 1172 629 1216 se
644 1162 778 1236 assequi
802 1156 868 1221 non
893 1163 1048 1236 potuisse.
1066 1164 1115 1223 Sic

103 1240 272 1301 enimait:
302 1261 314 1291 ι
342 1236 427 1312 Quid
443 1241 493 1297 est
502 1238 655 1311 tempus?
670 1239 702 1298 Si
716 1254 813 1299 nemo
840 1254 881 1299 ex
904 1256 957 1300 me
980 1247 1113 1319 quaerat,

102 1322 187 1391 scio;
205 1318 232 1377 si
247 1318 403 1393 quaerenti
419 1311 584 1393 explicare
604 1316 713 1389 velim,
730 1317 842 1378 nescio
871 1342 899 1379 t.
925 1320 1013 1381 Licet
1037 1321 1116 1383 nihil

101 1396 290 1458 familiarius
306 1402 338 1458 et
350 1398 459 1457 notius
474 1395 684 1471 inloquendo
695 1398 842 1475 sitquam
853 1403 994 1475 tempus,
1008 1402 1116 1463 tamen

103 1478 202 1557 hujus
216 1478 356 1537 notionis
371 1476 515 1554 analysis
536 1480 586 1534 est
600 1478 744 1536 omnium
763 1476 900 1538 fortasse
917 1476 1114 1543 difficillima.

147 1557 330 1618 «Fidentes
343 1560 452 1615 tamen
471 1579 498 1627 ι,
515 1554 686 1634 subjungit
710 1562 841 1617 sanctus
862 1558 1065 1636 Augustinus
1084 1563 1117 1621 in

106 1637 224 1699 ecdem
240 1638 325 1707 loco,
344 1660 356 1687 ‹
375 1633 448 1696 dico
467 1654 473 1694 :
490 1631 574 1693 scire
591 1634 748 1712 mequod
773 1638 801 1695 si
824 1635 904 1696 nihil
927 1642 1116 1715 praeteriret,
1146 1654 1148 1657 ·

105 1731 173 1777 non
188 1720 276 1776 esset
285 1716 488 1789 praeteritum
505 1716 649 1789 tempus,
668 1719 701 1775 et
715 1716 742 1774 si
756 1716 834 1775 nihil
854 1714 1033 1791 adveniret,
1051 1736 1118 1779 non

106 1803 194 1857 esset
206 1796 400 1871 adfuturum
410 1800 553 1869 tempus;
571 1798 604 1853 et
617 1794 644 1853 si
659 1794 737 1854 nihil
749 1800 846 1871 esset,
861 1812 927 1858 non
939 1804 1118 1874 133111111-

106 1893 178 1939 sens
192 1880 320 1950 tempus
338 1898 364 1931 ι.
381 1874 549 1947 Temporis
565 1888 643 1950 ergo
660 1873 748 1934 notio
761 1876 817 1935 tria
837 1874 998 1936 elementa
1014 1879 1117 1939 conti-

106 1960 164 2017 net
181 1974 188 2014 :
205 1954 412 2032 preteritum,
433 1966 578 2029 presens
604 1956 636 2011 et
660 1950 817 2026 futurum,
843 1971 882 2016 ac
905 1954 1045 2031 proinde
1070 1962 1120 2018 est

106 2037 237 2097 duratio
251 2047 324 2093 cunt
338 2032 540 2093 successione.
560 2032 659 2108 igitur
671 2032 841 2093 iuratione
853 2036 1006 2112 temporis
1018 2038 1120 2097 inclu-

107 2117 191 2175 ditur
206 2112 422 2173 essentialiter
432 2112 610 2169 successio.

147 2194 255 2269 Quum
274 2198 401 2267 tempus
417 2190 457 2249 sit
476 2188 602 2249 duratio
621 2190 705 2249 entis
730 2194 960 2256 mutationibus
975 2194 1118 2269 obnoxii,

106 2271 301 2334 anunnullis
312 2269 465 2331 definitur
476 2268 768 2346 postAristotelem
782 2291 789 2331 :
802 2274 952 2335 Mensura
963 2280 1068 2336 notus
1078 2274 1121 2354 (1)

104 2356 279 2414 secundum
285 2352 385 2427 prius
397 2354 425 2408 et
434 2350 606 2424 posterius.

145 2433 270 2492 Dicitur
287 2432 316 2489 l⁰
329 2444 482 2488 mensura
503 2434 619 2501 ructus,
645 2430 722 2505 quia
738 2432 866 2506 tempus
891 2436 940 2492 est
963 2431 1123 2493 duntaxat

108 2525 260 2572 mensura
268 2526 377 2569 rerum
392 2508 664 2568 successivarum.
679 2508 1122 2591 SicutpermensuramJ‘udi-

108 2607 219 2652 camus
233 2590 308 2668 plus
321 2588 375 2648 vel
389 2586 495 2646 minus
509 2586 542 2646 in
556 2603 593 2647 11
605 2587 763 2664 qualibet,
780 2588 826 2649 sic
839 2604 901 2666 per
916 2592 1123 2668 tempusplu-

106 2686 160 2732 res
171 2674 228 2731 aut
240 2668 414 2746 pauciores
426 2666 460 2726 in
474 2666 633 2745 subiectis
644 2670 915 2743 permanentibus
925 2674 1124 2733 mutationes

104 2751 169 2812 sihi
180 2748 400 2811 succedentes
413 2748 633 2825 agnoscimus,
653 2746 775 2807 Dicitur
788 2750 821 2809 2⁰
838 2753 1010 2811 secundum
1028 2752 1126 2827 prius
1183 2796 1186 2800 -

106 2847 147 2891 11
154 2830 328 2908 posterius,
344 2828 421 2905 qula
441 2830 582 2903 tempus,
612 2828 681 2886 sive
711 2825 837 2888 duratio
866 2834 973 2891 motus
989 2836 1039 2891 131
1052 2831 1124 2908 ipsc

105 2916 226 2979 motus,
241 2907 446 2985 prouthahet
458 2907 548 2982 prius
559 2908 593 2965 11
603 2906 779 2981 posterius.
794 2907 980 2987 Quotuplex
993 2910 1033 2971 311
1045 2914 1126 2971 tern-

105 3006 181 3068 pus,
202 2988 286 3049 infra
309 2988 526 3064 opportunius
542 2982 680 3059 dicetur,
698 2984 890 3049 distinctiori
910 2988 1028 3051 effecto
1045 3006 1124 3051 con-

107 3073 208 3147 ceptu
222 3068 391 3143 temporis,
406 3068 679 3143 persequentem
693 3065 821 3128 thesim.

141 3248 175 3312 (1)
192 3247 278 3296 Motus
291 3245 323 3315 ah
336 3242 475 3313 Aristotele
490 3242 515 3306 (3
527 3242 607 3314 Phys.
621 3247 683 3292 sect.
699 3242 723 3305 6)
740 3242 876 3315 definitur:
887 3249 959 3294 actus
973 3246 1038 3297 entis
1047 3248 1075 3297 in
1084 3262 1127 3313 pc·

110 3309 202 3370 tentia,
216 3310 292 3372 prout
306 3322 333 3355 111
346 3310 460 3368 potentia
476 3307 525 3353 est.
537 3305 638 3353 Dicitur
654 3306 678 3352 1ο
693 3312 779 3367 actus,
791 3321 851 3369 quia
863 3308 986 3357 informat
999 3312 1024 3357 11
1042 3314 1128 3361 actuat

111 3372 196 3437 ipsum
209 3369 309 3419 mihile.
323 3368 423 3435 Dicitur
439 3366 464 3415 2·
479 3366 550 3436 entis
567 3365 771 3437 inpotencini
784 3382 807 3417 e.
824 3368 834 3416 i
851 3368 903 3417 sius
923 3369 1036 3433 subjecti,
1060 3371 1129 3435 quod

112 3438 156 3503 est
166 3430 315 3497 inpotentia
327 3429 361 3499 ad
374 3429 485 3491 aliquam
498 3428 704 3499 ahamviormam.
718 3430 817 3479 Dicitur
843 3437 941 3501 ⁰·prout
955 3433 984 3480 in
996 3434 1118 3502 potentia

113 3488 592 3619 cirtercienses.
602 3492 697 3614 int
709 3468 1130 3619 calaritanensem

114 3623 157 3669 ter
170 3618 198 3667 in
210 3614 298 3666 111111
310 3614 420 3664 formam
429 3610 586 3662 ulteriorem.
