2650 4242
485 250 599 294 coerce
619 249 693 294 raas
713 254 733 294 1.
1040 264 1042 268 ·
1067 230 1109 292 79

89 363 155 426 dus
171 363 349 440 divisionis,
363 365 409 427 ita
423 366 589 445 synthesis
608 365 732 426 dicitur
753 364 931 426 methodus
945 367 1105 441 compost-

89 446 202 505 tionis.
219 445 399 523 Synthesis
415 462 481 506 non
497 461 594 507 secus
609 461 647 506 ac
663 444 817 524 analysis,
835 449 885 505 est
894 445 1032 520 physica
1053 446 1107 505 vel

88 523 208 598 coccea.
226 527 263 585 Et
278 541 353 585 cum
367 541 501 602 semper
514 541 533 586 a
547 525 695 602 partibus
708 525 944 602 progrediatur,
954 529 991 584 ut
1005 526 1109 584 exeis

88 608 196 664 totum
212 607 396 678 constituat,
413 608 568 682 supponit
581 606 753 684 analysim‚
770 606 823 664 cui
840 601 995 664 succedit.

123 683 191 744 122.
215 719 251 728 -
271 683 444 745 Methodus
465 685 650 763 synthetica
670 685 711 744 ab
731 682 1022 748 universalioribus
1046 698 1108 742 seu

90 761 344 839 simplicioribus
370 763 550 836 exorditur,
579 769 616 824 ut
643 764 686 826 ad
714 765 867 823 notiones
890 762 1108 838 particulares

91 855 154 900 seu
168 845 276 920 magis
291 844 488 920 compositas
503 843 668 904 deveniat.
688 843 770 902 Nam
786 847 822 903 ut
835 846 1016 919 conceptus
1031 843 1104 903 uni·

90 923 250 982 versalior
263 919 319 982 fiat
340 925 449 982 minus
463 923 657 997 universalis
671 927 727 982 aut
739 921 955 998 particularis,
972 920 1036 981 sibi
1048 937 1107 981 co-

89 1001 207 1076 pulare
224 1001 325 1063 debet
339 1001 499 1079 quasdam
513 1003 677 1074 notiones
695 1018 766 1079 quae
779 1002 814 1062 in
828 1005 957 1062 tantum
970 999 1105 1061 restrin-

89 1085 177 1158 gunt
192 1081 265 1160 ejus
280 1084 522 1154 extensionem;
546 1083 581 1139 in
597 1085 756 1158 quantum
771 1085 896 1158 augent
924 1081 996 1159 ejus
1015 1095 1105 1140 com-

89 1160 364 1236 prehensionem3
383 1165 415 1221 et
430 1162 487 1234 sic,
512 1162 678 1237 perhanc
699 1161 920 1240 adjectionem
943 1164 1106 1229 notarum,

92 1247 273 1316 conceptus
289 1240 384 1301 simul
394 1244 600 1318 suamauget
615 1241 898 1316 compositionem,
916 1243 950 1299 et
964 1239 1108 1316 aliquam

91 1319 209 1379 amittit
223 1324 353 1396 partem
370 1335 438 1380 suae
453 1321 655 1381 extensionis
671 1335 731 1380 seu
752 1318 1015 1381 universalitatis.
1038 1317 1106 1378 Me·
1175 1351 1180 1360 ·

91 1397 153 1457 rito
176 1399 278 1470 igitur
297 1399 476 1460 methodus
500 1416 565 1477 qua
589 1400 629 1460 ab
653 1398 828 1460 universali
849 1398 892 1459 ad
911 1398 1108 1476 particulare

91 1477 301 1616 {lhevenimus
325 1478 442 1541 dicitur
465 1478 641 1542 methodus
663 1479 919 1557 compositionis,
944 1494 1005 1538 seu
1027 1491 1105 1556 syn·
1191 1502 1193 1505 ·

127 1573 205 1618 esm.
434 1573 436 1578 ’
694 1605 697 1613 ,
825 1595 830 1600 ·

132 1639 184 1696 Ecc
210 1652 262 1710 gr.
288 1636 500 1712 Aconceptu
522 1638 654 1698 tricentis
682 1637 726 1698 ad
754 1638 925 1697 notionem
955 1636 1107 1707 hominis,

91 1729 168 1792 quae
191 1719 347 1791 respectu
361 1716 477 1792 prioris
493 1721 544 1776 est
565 1717 675 1778 minus
689 1717 894 1788 universalis,
911 1714 1107 1777 devenimus
1174 1755 1178 1762 ι

88 1810 152 1870 per
166 1793 392 1872 adjectionem
406 1799 570 1869 notarum,
587 1812 662 1874 quae
678 1798 958 1858 universalitatem
968 1795 1107 1856 viventis

88 1890 150 1951 per
195 1874 318 1951 gradus
362 1879 570 1953 restringunt.
618 1879 739 1938 Vivens
783 1877 871 1936 enim
920 1874 1010 1935 aliud
1056 1880 1107 1934 est

87 1953 276 2024 materiate,
294 1957 327 2013 et
340 1953 430 2014 aliud
455 1955 690 2027 immateriale
711 1955 773 2017 sed
798 1959 911 2018 vivens
935 1954 1110 2014 materiate

86 2037 203 2109 potest
226 2035 352 2109 concipi
378 2038 535 2110 tanquam
565 2052 658 2096 sensu
674 2037 862 2111 praeditum,
894 2037 927 2093 et
955 2037 1033 2093 tunc
1062 2031 1108 2092 di-

87 2116 174 2173 citur
202 2110 334 2172 animal.
370 2116 411 2174 At
445 2115 558 2176 vivens
575 2117 604 2175 1⁰
618 2116 799 2191 materiale,
822 2116 854 2175 2⁰
874 2128 977 2175 sensu
991 2109 1110 2188 praedi-

86 2196 171 2262 tum,
188 2196 299 2268 potest
319 2193 351 2252 3⁰
374 2208 447 2252 esse
467 2193 640 2265 rationale,
672 2199 706 2255 et
723 2195 780 2269 sic,
807 2210 868 2270 per
889 2193 1110 2272 adJectionem
1161 2207 1169 2218 ·

85 2271 190 2350 hujus
219 2269 322 2331 tertiae
350 2273 502 2352 notionis,
527 2275 675 2352 exsurgit
690 2280 869 2350 conceptus
885 2270 1037 2344 hominis.

129 2353 222 2423 Hinc,
246 2350 325 2410 dum
337 2359 516 2428 conceptus
537 2352 727 2430 generalior
740 2355 948 2430 componitur
967 2367 1028 2426 per
1048 2363 1105 2427 ap-

86 2433 290 2506 positionem
303 2433 467 2491 variarum
481 2435 663 2502 notionum,
681 2431 717 2493 fit
730 2435 839 2493 minus
853 2430 1057 2503 universalis,
1075 2435 1111 2489 et

86 2512 123 2570 in
147 2514 276 2570 tantum
292 2508 453 2571 decrescit
476 2513 714 2585 universalitas,
736 2512 770 2572 in
792 2518 952 2590 quantum
966 2515 1111 2589 augetur

86 2589 164 2649 haec
179 2592 384 2666 compositio.
407 2588 440 2649 Si
459 2591 635 2668 conceptui
657 2591 799 2653 hominis
822 2592 901 2653 alias
926 2587 1108 2667 adjicerem

86 2672 199 2742 notas,
216 2670 249 2729 in
278 2685 337 2729 sua
353 2669 597 2732 universalitate
618 2674 728 2732 statim
744 2674 989 2732 coarctaretur:
1006 2667 1106 2729 homo

88 2746 196 2822 albus,
210 2763 346 2823 porcus,
362 2751 481 2819 doctus,
501 2754 581 2824 etc.;
603 2751 716 2828 plures
742 2755 831 2810 enim
857 2756 933 2811 sunt
955 2749 1107 2807 homines

88 2827 158 2888 alhi
172 2839 272 2903 quam
283 2828 435 2888 homines
456 2829 553 2889 simul
568 2830 632 2892 alhi
649 2835 683 2891 et
702 2833 809 2908 parvi3
836 2835 871 2891 et
891 2831 1004 2907 plures
1030 2831 1108 2888 sunt

86 2906 243 2968 homines
257 2923 324 2967 una
339 2907 404 2966 albi
424 2912 457 2968 et
484 2911 586 2985 parvi,
613 2926 714 2988 quam
740 2911 892 2971 homines
915 2907 1013 2971 simul
1028 2907 1104 2980 alhi,

87 2988 183 3063 parvi
194 2990 228 3047 et
242 2985 341 3059 docti,
360 2990 422 3047 etc.

129 3065 216 3143 Ergo
232 3066 397 3144 synthesis
411 3065 521 3128 reddit
534 3067 628 3130 ideas
642 3069 748 3148 magis
764 3070 963 3146 compositas
989 3076 1022 3134 et
1045 3069 1109 3128 mi-

85 3145 379 3207 nusuniversales.
568 3165 571 3178 ¹

131 3226 201 3286 123.
218 3259 256 3268 —-
272 3223 339 3285 Sed
359 3228 469 3302 potest
492 3227 590 3286 etiam
611 3227 769 3305 applicari
783 3229 948 3306 synthesis
963 3226 1006 3288 ad
1025 3226 1108 3289 veri-

87 3309 192 3366 tatem
204 3307 409 3380 judiciorum
425 3306 678 3381 explanandam,
695 3311 729 3368 et
742 3312 820 3369 tunc
834 3308 934 3369 habet
947 3306 1109 3369 rationem

86 3383 238 3446 methodi
252 3385 385 3461 proprie
402 3382 510 3444 dietae.

128 3463 212 3526 Cum
225 3465 260 3524 in
276 3463 410 3542 judiciis
431 3464 623 3524 attributum
637 3465 744 3544 magis
765 3470 878 3542 pateat
900 3481 1000 3543 quam
1023 3464 1103 3525 sub-

81 3545 227 3625 jectum,
245 3544 340 3623 cujus
356 3548 407 3603 est
428 3543 583 3620 quaedam
597 3549 677 3605 nota
691 3559 753 3606 seu
767 3561 843 3621 pars
863 3545 1103 3623 metaphysica,

87 3621 270 3705 synthesis,
286 3638 383 3686 secus
397 3637 435 3684 ac
460 3623 603 3704 analysis
628 3623 691 3704 (99,
715 3624 770 3703 3⁰),
795 3626 829 3686 in
846 3625 980 3705 judiciis
1004 3622 1107 3684 dehet
