2650 4242
216 232 279 293 224
523 247 702 293 euuvrmruu
724 247 925 291 PlllLOSOPllIAE

217 378 358 443 quarum
371 378 457 423 unus
481 377 548 421 non
575 362 753 424 includitur
767 365 800 423 in
819 363 899 435 ali0;
916 382 944 424 v.
962 379 1012 442 gr.
1043 361 1243 436 animalitas

217 440 415 504 rationalitas
429 444 463 501 in
486 442 632 502 bomine.

257 522 530 583 molinariorum
544 521 643 582 babet
658 536 733 581 cum
748 537 834 582 unus
849 527 1029 598 conceptus
1054 537 1124 581 non
1141 520 1244 597 expli-

219 602 282 662 cite
296 600 357 661 sed
372 601 527 677 implicite
540 602 689 661 continet
703 600 819 673 alium3
836 618 866 661 v.
883 617 916 681 g.
933 602 968 661 in
983 604 1060 663 ente
1076 616 1196 662 verum
1214 604 1244 659 et

217 682 354 744 bonum.

258 762 290 821 3⁰
303 760 441 821 Minima
456 758 575 821 dicitur
589 774 629 819 ea
644 757 807 819 distinctio
824 757 957 821 rationis
972 774 1043 837 qua
1059 758 1244 821 nonhabet

218 838 466 900 fundamentum
480 839 514 898 ln
524 854 573 909 re,
586 854 722 915 queque
734 842 910 913 propterea
921 846 1130 915 nuncupatur
1140 840 1243 899 etiarn

215 935 299 994 paro
321 919 482 987 mentalis,
499 916 670 977 autetiam
693 917 828 978 rationis
855 915 1081 979 ratiocinantis
1109 918 1242 997 (active,

220 1000 296 1076 quia
311 1002 362 1057 est
374 1001 475 1056 totum
491 1013 574 1072 opus
584 994 742 1075 rationis).
785 1007 787 1010 ·

259 1076 329 1137 391.
345 1110 383 1119 —
405 1078 481 1135 Duae
496 1078 606 1151 primae
620 1076 751 1151 species
767 1078 969 1135 constituunt
983 1090 1091 1153 genus
1107 1076 1243 1137 distinc-

220 1155 344 1216 tionum
358 1154 491 1215 rationis
503 1156 714 1229 ratiocinata,
727 1170 787 1215 seu
800 1160 874 1214 cum
882 1156 1093 1229 fondamento
1103 1158 1138 1216 ia
1148 1172 1198 1227 re,
1212 1161 1246 1216 et

221 1236 252 1294 l⁸
268 1239 318 1295 est
333 1250 430 1311 quam
444 1232 522 1293 iacit
530 1234 729 1304 intellectus,
746 1233 854 1294 oblata
865 1233 926 1295 sibi
940 1237 1115 1297 occasione
1130 1238 1244 1295 imme-

220 1314 306 1376 diate
322 1332 363 1374 ex
377 1321 469 1391 parte
483 1316 531 1372 rei
549 1333 556 1373 ε
573 1312 662 1375 unde
679 1313 797 1375 dicitur
812 1314 949 1373 maxime
963 1312 1097 1375 rationis
1113 1314 1243 1375 ratioci-

220 1399 314 1456 nate.

260 1475 283 1534 l.
300 1471 467 1533 Distinctic
478 1472 613 1531 rationis
628 1472 825 1532 ratiocinata
839 1469 874 1532 fit
888 1488 906 1531 e
921 1473 1060 1543 ratione,
1081 1488 1157 1533 cum
1171 1490 1245 1533 rem

219 1568 320 1613 unam
332 1550 551 1627 eamdemque
567 1551 710 1628 pluribus
720 1552 933 1627 conceptibus
941 1550 1121 1612 formaliter
1133 1551 1242 1613 diver·

221 1633 266 1692 sis
289 1632 448 1706 exprimit.
475 1629 553 1690 Cum
583 1646 648 1689 una
676 1628 861 1708 eademque
891 1632 1035 1691 essentia
1054 1632 1245 1711 perplures

221 1714 401 1787 conceptus
414 1710 598 1785 praecisioos
613 1709 835 1787 cognoscitur,
848 1712 938 1787 vlget
964 1714 1050 1771 inter
1070 1712 1132 1772 bos
1160 1728 1241 1772 cou-

222 1796 338 1867 ceptus
353 1789 513 1851 distinctio
530 1788 661 1849 rationis
676 1805 750 1849 cum
763 1788 981 1852 fundamento
992 1790 1025 1848 in
1035 1806 1072 1850 re
1086 1810 1092 1850 :
1107 1792 1246 1852 cuilibet

221 1870 368 1930 membro
385 1866 601 1928 distinctionis
611 1868 792 1945 respondet
814 1870 923 1948 aliqua
937 1869 1080 1929 malitae.
1094 1871 1165 1930 Haec
1178 1870 1242 1931 dis·

222 1950 333 2011 tinctio
347 1948 463 2007 dicitur
478 1949 576 2007 etiam
590 1947 754 2020 formatis,
771 1956 827 2009 aut
842 1950 957 2009 mellus
984 1947 1244 2027 dicereturpare

220 2025 384 2101 formatis,
401 2030 479 2103 quia
492 2028 590 2087 unius
607 2032 785 2103 conceptus
801 2026 957 2103 definitio,
974 2044 1035 2087 seu
1061 2029 1144 2089 ratio
1173 2027 1241 2091 ior·

221 2108 326 2181 malis,
343 2105 453 2166 dliiert
466 2106 507 2165 ab
530 2107 665 2167 alterius
681 2105 881 2167 definitione.

261 2188 298 2247 ll.
325 2186 493 2247 Distinctio
525 2188 659 2247 rationis
683 2188 906 2249 ratiocinantis
933 2202 1005 2247 rem
1031 2202 1134 2247 unum
1150 2204 1240 2249 eam·

222 2264 367 2342 demque
376 2264 524 2342 pluribus
536 2265 633 2326 etiam
649 2266 799 2341 exprimit
807 2266 1033 2343 conceptibus,
1047 2266 1124 2327 inde
1135 2268 1168 2328 in
1180 2268 1243 2329 hoc

161 2410 163 2412 ,
222 2347 376 2406 convenit
392 2361 464 2405 curn
481 2343 689 2404 distinctione
702 2362 783 2421 pure
797 2344 943 2416 iorurali;
960 2345 1020 2406 sed
1035 2347 1076 2407 ab
1092 2347 1154 2409 bac
1179 2342 1243 2408 dif-

221 2423 296 2499 fert,
308 2428 341 2484 ln
356 2428 514 2501 quantum
529 2424 564 2483 in
579 2425 696 2500 seipsis
708 2425 739 2484 bl
755 2430 935 2500 conceptus
949 2440 1017 2485 non
1033 2430 1109 2486 sunt
1123 2426 1242 2487 diversi

223 2508 256 2564 et
283 2509 395 2565 tamen
413 2503 498 2563 inter
512 2519 548 2563 se
565 2510 796 2579 comparantur
809 2508 846 2564 ut
866 2502 1000 2576 diversi;
1031 2522 1061 2566 v.
1093 2522 1127 2585 g.
1158 2508 1186 2565 si
1211 2508 1243 2567 in

221 2584 316 2646 Petro
346 2582 565 2661 distinguatur
585 2582 667 2643 ratio
695 2582 839 2661 subjecti
867 2587 899 2643 et
924 2584 1005 2643 ratio
1036 2586 1184 2645 attributi
1211 2588 1243 2646 in

221 2664 283 2725 hac
298 2663 525 2740 propositione
552 2662 693 2722 :Petrus
712 2668 763 2724 est
787 2663 912 2733 Petrus,
939 2664 993 2723 vel
1015 2664 1041 2725 si
1070 2662 1241 2725 definitum

224 2743 445 2821 distinguatur
472 2758 491 2801 a
514 2738 716 2815 definitione,
743 2744 779 2804 ut
801 2758 877 2803 cum
903 2741 1021 2803 dicitur
1058 2744 1158 2805 bomo
1195 2748 1243 2805 est

223 2823 342 2883 animal
355 2821 525 2882 rationale.

178 2906 198 2928 ‘·
263 2903 313 2962 lll.
331 2902 497 2961 Distinctio
513 2898 647 2958 rationis
662 2897 857 2961 ratiocinata
882 2916 982 2977 quam
1008 2901 1240 2972 distribuimus,

224 2995 300 3041 cum
322 2982 429 3041 multis
443 2977 644 3050 auctoribus
669 2977 703 3036 in
718 2979 877 3057 majorem
893 2986 925 3041 et
937 2982 1113 3054 minorem,
1145 2980 1242 3043 dividi

224 3062 323 3121 etiam
337 3060 419 3120 solet
433 3061 474 3120 ab
496 3058 566 3117 aliis
580 3056 729 3132 pluribus
754 3059 788 3119 in
810 3059 989 3133 formatem
1009 3067 1036 3121 et
1058 3061 1240 3121 virtualem.
1313 3094 1314 3113 κ

223 3137 290 3201 Sed
303 3129 447 3200 formalis
462 3152 525 3195 una
539 3135 726 3213 eademque
755 3140 805 3197 est
833 3154 907 3197 cum
935 3139 1007 3214 ipsa
1037 3138 1244 3201 distinctione
1313 3160 1314 3181 r

223 3219 355 3280 rationis
365 3218 575 3286 ratiocinata,
589 3231 627 3275 ac
641 3214 795 3292 proinde,
811 3217 1109 3293 stricteloquendO,
1126 3225 1162 3280 ut
1172 3220 1243 3298 ejus

223 3298 353 3377 species
376 3296 491 3357 baberi
519 3296 645 3371 nequit.
678 3295 823 3356 virtualis
862 3294 1023 3357 distinctio
1060 3301 1243 3377 generatim

219 3382 364 3454 sumpta,
381 3390 519 3451 nonpro
550 3373 761 3434 distinctione
788 3374 924 3434 rationis
947 3376 1155 3453 ratiocinata,
1185 3376 1244 3439 sed

223 3458 342 3517 melius
357 3470 415 3529 pro
433 3454 505 3513 e’us
526 3451 742 3512 fundamento
757 3454 907 3529 usurpari
919 3451 1034 3528 debet;
1051 3454 1243 3519 fundamen·

222 3540 296 3595 tum
320 3539 370 3593 est
383 3530 432 3593 rel
442 3472 636 3622 laeandrus
649 3532 768 3591 virtute
784 3548 844 3594 sua
859 3534 985 3611 capacis
998 3534 1140 3613 plurium
1165 3552 1240 3599 con·

225 3616 382 3690 ceptuum
394 3612 480 3671 inter
493 3623 530 3669 se
545 3606 783 3675 distinctorum.
