2650 4242
408 285 411 292 .
450 249 568 295 coerce
587 247 660 292 rans
681 251 713 296 n.
1053 228 1093 290 97

72 365 185 426 Prima
199 367 411 442 nuncupatur
422 367 544 426 veritas
557 364 683 443 logica;
711 365 870 438 secunda,
885 367 1005 428 veritas
1020 383 1089 428 me·

74 446 268 525 taphysica;
286 445 529 519 tertia,‚veritas
542 444 676 506 moralis
691 459 752 507 seu
765 446 935 506 veracitas.

120 529 152 587 ιο
168 525 307 600 Quando
330 525 516 592 intellectus
538 539 610 584 rem
634 524 776 602 percipit
798 530 897 602 prout
921 529 971 586 est
994 526 1028 586 in
1042 543 1092 599 se,
1115 579 1119 586 .

74 622 141 667 seu
157 604 291 683 quando
305 605 407 665 habet
421 609 601 680 conceptus
616 605 754 682 objectis
765 608 962 678 conformes,
973 607 1092 669 veritas

75 691 131 746 est
146 686 181 746 in
196 685 262 747 illo.
278 684 372 747 Unde
385 685 507 746 veritas
521 686 628 760 topica
642 684 722 744 nihil
744 689 794 744 εει
817 685 907 746 aliud
927 701 1026 763 quam
1040 690 1092 748 iu-

76 766 219 827 tettectio
240 781 311 824 rem
325 766 521 825 intellectam
535 767 707 841 adaequans
721 761 731 842 t
752 762 775 843 ).

120 847 155 906 2³
170 845 294 906 Veritas
308 845 538 920 metaphysica,
562 860 623 905 seu
636 845 758 905 veritas
780 845 814 904 in
829 845 940 916 rebus,
958 851 1009 906 est
1022 847 1090 924 ipsa

79 941 196 986 rerum
217 924 376 985 habitudo
409 925 451 985 ad
485 924 702 995 intellectum,
729 929 892 1001 quatenus
915 925 1000 986 sicut
1017 935 1094 988 sunt

80 1007 243 1083 cognosci
255 1011 405 1080 possunt.
423 1005 523 1082 lgitur
538 1005 657 1065 veritas
672 1005 705 1064 in
719 1005 820 1065 rebus
835 1009 885 1066 est
898 1007 968 1080 ipsa
981 1022 1091 1068 raucam

78 1084 468 1160 copuoscibititastunde
493 1087 614 1145 veritas
638 1082 864 1162 metaphysica
890 1083 954 1145 duo
969 1086 1093 1164 impor-
1187 1147 1191 1159 ‚

81 1168 130 1226 tat
147 1184 155 1224 ι
172 1162 206 1241 a)
219 1165 404 1224 realitatem
417 1180 478 1224 seu
503 1164 673 1224 entitatem
687 1179 810 1237 rerum,
837 1169 868 1224 et
890 1163 920 1243 b)
944 1166 1093 1228 ordinem

81 1245 126 1305 ad
141 1243 285 1321 aliquem
301 1244 516 1314 intellectum,
534 1245 702 1321 praecipue
719 1242 874 1306 divinum.
891 1245 923 1304 Si
947 1245 1021 1308 haec
1039 1264 1094 1306 or-

82 1325 208 1386 dinatio
224 1324 266 1384 ad
280 1325 484 1385 intellectum
498 1323 749 1401 relinqueretur,
766 1323 965 1396 haberemus
981 1342 1040 1388 ens
1059 1332 1096 1386 ut

82 1408 142 1473 sic,
158 1420 228 1466 non
242 1408 354 1464 autem
369 1419 428 1464 ens
442 1411 479 1465 ut
491 1403 673 1464 formaliter
686 1418 811 1464 verum.

123 1486 157 1546 3¹
172 1483 298 1544 Veritas
312 1484 459 1555 moratis,
476 1499 538 1544 seu
552 1485 721 1556 veracitas,
735 1484 876 1544 habetur
885 1485 1017 1562 quando
1028 1503 1094 1546 ser-

82 1579 203 1625 mones
225 1568 282 1623 ant
304 1561 400 1642 signa
425 1578 500 1641 quae
525 1565 644 1624 mentis
666 1563 881 1642 cogitationes
896 1569 1094 1641 exprimunt,

83 1659 205 1720 reapse
228 1643 434 1720 respondent
456 1644 546 1704 bisce
572 1644 840 1721 cogitationibus;
869 1644 958 1705 unde
978 1647 1096 1706 veritas

83 1723 221 1783 moralis
237 1723 378 1785 describi
392 1726 526 1800 potest:
552 1725 727 1784 concordia
750 1740 810 1791 seu
831 1725 1013 1799 adaequatio
1028 1741 1095 1786 ma-

83 1803 299 1876 nifestationis
312 1818 387 1865 cum
400 1804 645 1880 capitationibus
658 1804 772 1864 animi.
790 1805 866 1864 Haec
880 1807 984 1884 magis
999 1806 1096 1882 perti·

83 1887 145 1943 net
160 1881 203 1943 ad
218 1883 418 1943 voluntatem
434 1898 533 1960 quarn
547 1882 590 1942 ad
602 1882 818 1944 intellectum.
1124 1905 1125 1912 ¹

127 1963 255 2023 Veritas
270 1979 363 2040 ergo,
379 1963 447 2023 sive
463 1961 692 2025 consideretur
705 1963 738 2022 in
755 1963 953 2042 cognitione,
975 1965 1043 2026 sive
1065 1966 1097 2027 in

84 2060 135 2111 re,
153 2043 270 2104 sivein
294 2058 461 2114 sermone,
485 2059 618 2118 semper
641 2043 785 2118 aliquam
803 2047 956 2121 importat
972 2046 1098 2106 relatio-

86 2137 167 2182 nem
183 2122 418 2183 conformitatis
442 2123 527 2182 inter
554 2123 760 2185 intellectum
785 2127 1043 2201 cognoscentem
1068 2129 1101 2187 et

85 2219 161 2264 rein
176 2205 353 2282 cognitam.
371 2204 450 2262 Hinc
463 2206 585 2264 veritas
599 2203 783 2280 generatim
799 2207 929 2280 sumpta
945 2221 963 2264 a
977 2207 1100 2266 veteri-

86 2284 151 2342 bus
167 2287 290 2359 optime
307 2282 502 2343 describitur
519 2303 526 2343 :
542 2284 731 2358 adaequatio
745 2281 922 2344 iutettectus
936 2293 964 2344 et
978 2287 1038 2345 rei.

131 2362 292 2438 Exempla
307 2360 504 2438 {conceptus
525 2363 679 2434 hominis,
707 2362 844 2442 arboris,
874 2363 1002 2441 lapidis,
1022 2368 1098 2432 etc,

86 2446 139 2502 est
153 2458 262 2514 verus,
279 2440 413 2519 quando
428 2458 545 2518 reapse
562 2441 715 2522 exprimit
733 2441 910 2515 bominem,
934 2444 1098 2516 arborem,

87 2520 248 2599 lapidem,
263 2537 324 2583 seu
345 2527 395 2582 est
409 2519 514 2582 fidelis
529 2538 643 2583 eorum
658 2520 847 2582 similitude.

128 2603 201 2673 Res,
217 2617 248 2662 v.
263 2619 327 2676 gr„
342 2616 469 2672 aurum,
485 2603 579 2679 lapis
596 2605 672 2661 etc..
691 2601 808 2662 dicitur
822 2617 910 2672 vera,
923 2617 990 2664 non
1000 2601 1100 2664 modo

91 2685 170 2758 quia
184 2682 217 2740 in
232 2697 268 2741 se
284 2682 384 2743 babet
397 2686 549 2745 naturam
564 2684 645 2751 auri,
662 2680 794 2759 lapidis,
812 2685 888 2753 etc,
905 2680 966 2742 sed
981 2683 1103 2760 quiaut

89 2777 220 2834 aurum,
233 2761 326 2836 lapis,
340 2767 416 2833 etc,
429 2763 584 2840 cognosci
595 2766 706 2838 potest
723 2781 729 2821 :
747 2762 793 2822 sic
806 2761 1026 2822 aurichalcum
1035 2779 1102 2824 non

90 2841 194 2902 habet
209 2845 359 2901 naturam
375 2843 455 2916 auri,
472 2845 631 2902 ettamen
648 2843 791 2904 exterius
816 2845 853 2901 ut
869 2857 985 2902 aurum
1000 2859 1100 2919 appa-

90 2925 155 2993 ret,
172 2919 294 2982 etideo
321 2921 438 2981 dicitur
462 2937 576 2981 aurum
602 2919 754 2981 falsum:
780 2926 919 2997 apparet
942 2923 1029 2983 enim
1052 2938 1103 2982 co-

90 3001 266 3079 gnoscenti
281 3000 370 3061 aliud
385 3006 485 3079 atque
502 3000 600 3062 estin
615 3016 663 3072 se,
679 3016 717 3061 ac
732 2999 873 3077 proinde
897 3001 979 3063 ordo
995 3000 1038 3062 ad
1052 3002 1102 3062 in·

92 3081 263 3142 tellectum
277 3095 345 3142 non
360 3081 542 3159 respondet
557 3080 693 3141 entitati.

130 3158 279 3222 Tandem
295 3159 427 3238 quando
443 3176 589 3223 sermone
603 3160 762 3236 exprimo,
778 3176 809 3221 v.
826 3175 873 3238 g.,
885 3161 1105 3222 reverentiam

122 3344 159 3407 (1)
185 3342 252 3395 Vide
276 3344 343 3408 apud
368 3343 400 3392 de
426 3344 530 3393 Rhodes
558 3343 666 3407 (Philcs.
693 3341 777 3408 perip.
804 3341 850 3392 lib.
878 3344 898 3402 I,
913 3341 979 3408 disp.
993 3343 1017 3403 3,
1033 3360 1060 3408 q.
1082 3344 1107 3408 2)

90 3405 208 3455 diversas
222 3407 361 3456 sententias
383 3407 594 3456 scholasticorum
615 3407 685 3454 circa
707 3407 840 3454 veritatem
863 3405 1008 3462 formalemr
1030 3421 1063 3454 an
1076 3405 1108 3455 sit

89 3465 260 3535 conformitas
271 3467 425 3532 cognitionis
438 3484 495 3518 cum
518 3468 631 3533 objectet
654 3465 891 3536 Quid-superaddat
904 3467 973 3516 actui
994 3482 1064 3535 uero,
1083 3473 1108 3517 et

91 3536 181 3579 utrum
197 3534 268 3578 sitse
286 3530 389 3579 arabilis
402 3532 435 3580 ab
457 3530 500 3580 illo
522 3531 597 3580 actui
621 3531 791 3590 Tractatronrs
814 3533 910 3577 nostrae
932 3530 1044 3578 brevitas
1057 3545 1108 3578 non

89 3591 155 3662 sinit
171 3595 200 3640 ut
214 3591 247 3640 de
259 3546 308 3641 iiiia
322 3590 494 3661 subtilioribus
516 3590 699 3656 quaestionibus
717 3593 863 3650 tractemus,
878 3604 936 3656 quae
948 3590 1010 3642 alias
1028 3590 1109 3642 inuti-

88 3656 153 3705 liter
166 3654 304 3717 obruerent
316 3658 427 3704 mentem
438 3655 600 3704 decentium.

435 3734 518 3783 Banu.
531 3734 606 3782 Pam.
621 3733 653 3782 T.
667 3732 689 3784 Ι.
701 3707 737 3771 -Ᾰ
745 3731 772 3785 7.
