2650 4242
436 548 782 626 BREVIARIUM

213 775 1012 949 philosophie

414 1120 846 1236 satiatissime

503 1515 725 1573 PROOEMIUM

333 1693 351 1753 5
366 1689 385 1744 l.
403 1717 437 1728 -
452 1690 493 1742 De
505 1686 700 1756 Philosophiae
716 1686 894 1742 definitione.

151 1867 220 1926 1.-
233 1860 443 1937 Philosophia
468 1857 625 1933 definitio
644 1874 718 1936 quae
734 1864 825 1919 recta
839 1861 880 1919 sit
904 1862 1125 1940 omnibusque

151 1945 260 2013 ohata,
278 1941 431 2002 ducenda
457 1943 518 2012 est,
535 1955 602 1999 non
626 1955 645 1998 a
669 1941 911 2016 praeconceptis
936 1946 1123 2018 systemati-

133 2042 186 2095 us‚
207 2021 269 2084 sed
294 2038 313 2082 a
336 2037 438 2082 sensu
451 2019 540 2081 vocis
555 2035 619 2079 usu
635 2021 796 2078 constanti
811 2023 997 2096 praesertim
1014 2022 1126 2084 deter-

107 2109 247 2177 minato,
266 2106 422 2178 tanquam
437 2118 455 2160 a
471 2101 630 2176 principio
647 2102 864 2164 communiter
877 2107 1025 2176 recepto.

150 2185 249 2245 Porro
271 2195 431 2243 vocamen
445 2179 676 2256 Philosophiae,
693 2181 897 2239 avooahulis
917 2184 1031 2257 grecis
1050 2185 1128 2264 φιλος

110 2270 147 2326 et
170 2287 247 2345 copia
274 2260 498 2338 desumptum,
517 2277 558 2319 ex
581 2266 692 2337 etymo
719 2276 866 2318 amora-m
881 2267 937 2319 aut
951 2265 1129 2322 studiosam

110 2344 278 2419 sapientiae
294 2342 529 2417 inquisitionem
545 2335 719 2417 signifieat.
733 2337 813 2397 lllnd
824 2357 842 2399 a
854 2340 1038 2418 Pythagora
1053 2344 1128 2402 suh-

113 2424 217 2485 ditum
231 2420 292 2481 fuit
306 2421 379 2482 voci
394 2421 583 2496 Sapientiae,
600 2433 675 2496 qum
692 2416 781 2494 apud
797 2420 997 2496 antiquiores
1022 2422 1127 2496 philo-

112 2503 237 2580 sophos
250 2503 444 2562 invaluerat.

153 2583 323 2657 Sapientia
337 2583 461 2650 autem,
479 2593 553 2654 qum
566 2579 660 2653 juxta
678 2578 912 2654 etymologiam
924 2581 1024 2652 vocis,
1042 2578 1130 2640 idem

114 2667 211 2724 sonat
231 2677 267 2723 ao
285 2660 423 2721 seientia
443 2674 517 2736 quaa
539 2659 641 2718 menti
658 2657 800 2717 maxime
817 2661 912 2732 sapit,
928 2665 976 2717 est
993 2662 1132 2723 scientia

114 2741 354 2819 perfectissima
366 2756 426 2800 seu
441 2740 577 2814 capnitis
587 2753 701 2796 retiam
710 2754 767 2811 per
777 2755 892 2797 causas
903 2739 1049 2813 altiores·
1058 2758 1131 2816 por-

114 2839 152 2883 ro
173 2822 306 2883 seientia
328 2820 513 2896 appellatur
532 2832 754 2894 quaecumque
777 2820 914 2891 eopaitio
933 2835 1130 2892 pareaasas,

117 2904 220 2980 igilur
234 2903 368 2975 sapiens
382 2899 500 2958 dieitur
516 2898 571 2974 qui
588 2896 630 2956 ad
644 2897 776 2956 ultimas
795 2913 903 2974 nepum
926 2914 1040 2958 causas
1056 2917 1130 2977 per-

117 2980 295 3043 scrutando
312 2979 445 3038 devenit
459 2995 519 3038 seu
534 2994 723 3052 supremam
740 2977 836 3036 callet
850 2978 1031 3039 seientiam.

158 3064 237 3122 2.-*
251 3059 468 3134 Philosophia,
482 3058 576 3135 juxta
593 3062 729 3135 etymon
744 3057 843 3126 voois,
868 3072 935 3116 non
952 3065 1040 3118 esset
1068 3066 1135 3120 tam

120 3140 281 3218 sapientia
297 3155 397 3215 quam
411 3155 503 3198 amon
518 3154 579 3198 seu
593 3135 740 3196 studiosa
764 3135 927 3212 inquisitio
951 3141 1134 3213 sapientiae,

119 3220 154 3282 id
171 3223 232 3292 est,
248 3219 412 3280 inclinatio
430 3223 463 3278 et
479 3223 614 3278 conatus
629 3219 751 3277 mentis
774 3215 817 3273 ad
841 3217 926 3276 hane
951 3236 1137 3295 parumper

74 3353 75 3358 ,
121 3299 296 3362 altissimas
313 3314 428 3359 causas
447 3298 678 3372 cognitionem.
695 3298 745 3365 ht
758 3294 855 3370 juxta
873 3299 1012 3361 nominis
1028 3316 1136 3366 usum,

121 3380 307 3458 praesertim
331 3377 421 3454 apud
436 3378 650 3454 antiquiores,
666 3392 734 3436 non
751 3382 801 3435 est
814 3376 892 3452 quid
909 3376 1074 3441 diversum
1098 3381 1138 3440 ab

122 3459 379 3538 ipsasapienlia.

78 3567 80 3610 3
163 3541 286 3600 verum
296 3536 504 3613 Philosophia
515 3553 581 3596 non
595 3542 646 3596 est
660 3535 822 3610 sapientia
834 3535 1026 3611 simpliciter
1048 3553 1140 3602 sum-

125 3616 191 3698 pla,
205 3629 281 3695 quae
297 3620 423 3679 seilicet
436 3618 469 3676 in
485 3615 649 3676 altissimis
666 3617 812 3676 omnium
828 3617 933 3674 causis
948 3633 1001 3675 res
1017 3634 1141 3695 cogno-

127 3699 197 3773 scit,
211 3714 286 3762 aum
295 3698 474 3775 Theologia
496 3697 530 3755 in
551 3696 674 3756 ultimis
697 3695 1005 3786 planetationibus,
1020 3714 1143 3776 nempe

485 3791 567 3841 Basv.
584 3791 737 3841 Ρ1111.Τ.Ι.
754 3789 810 3840 -n
