2650 4242
254 647 260 654 ¹
324 707 508 781 ansuis
532 706 932 783 nurmnnvsnsm

465 911 501 952 ,eo
524 898 607 954 vinam
630 909 790 954 einnonem

112 1244 116 1252 ,
159 1182 232 1244 Post
251 1185 381 1262 primam
402 1183 563 1245 editionem
579 1173 674 1264 hujus
694 1184 867 1260 breviarii,
884 1199 964 1246 anno
985 1186 1060 1248 1863
1080 1193 1129 1266 ty·
1204 1204 1208 1211 ’

118 1289 368 1368 pismandatam,
385 1290 540 1354 nonnulla
563 1291 740 1370 prodierunt
760 1290 969 1354 institutiones
990 1292 1128 1371 philoso-

117 1395 215 1474 phicae
229 1399 312 1460 omni
326 1395 415 1460 laude
434 1398 543 1476 dignae,
568 1415 635 1478 qua
655 1414 793 1460 auream
806 1403 910 1462 sende·
926 1400 1051 1461 Tbomee
1073 1394 1130 1462 sce-⁴

113 1503 273 1579 pientiam
285 1509 467 1566 restituunt.
485 1505 635 1584 Campum
649 1521 720 1582 ergo
734 1504 871 1566 deserere
886 1506 988 1567 forsan
1003 1506 1129 1584 expedi-

115 1614 175 1684 ret,
190 1612 243 1690 qui
258 1627 276 1671 a
289 1610 486 1674 validioribus
503 1617 688 1690 ,occupatum
705 1616 737 1672 at
756 1613 835 1674 ratio
856 1612 1090 1691 philosophandi
1111 1629 1130 1676 a

115 1715 224 1780 multis
256 1735 340 1781 nuno
361 1725 522 1798 usurpata,
545 1736 613 1800 quae
635 1719 751 1781 incerta
774 1725 953 1799 systemata,
979 1726 1127 1800 tanquam

116 1822 285 1888 doctrinam
307 1827 434 1888 minime
454 1825 578 1888 dubiam
604 1823 847 1906 inconcussaque
865 1825 995 1888 doctoris
1021 1828 1130 1905 Ange-

116 1926 168 1990 lici
181 1931 329 2010 principia
341 1930 518 2004 introducit,
531 1933 649 2009 exigere
662 1931 782 1995 videtur
796 1937 830 1995 ut
843 1929 1019 2009 diligentius
1030 1947 1129 1994 secer·

116 2042 233 2099 nentur
246 2044 401 2118 comperta
414 2055 433 2101 a
446 2037 547 2100 dubiis
562 2041 837 2120 controversisque,
852 2054 961 2117 nempe
975 2044 1010 2101 ut
1019 2055 1038 2099 a
1048 2055 1130 2102 com-

119 2144 207 2204 muni
247 2144 387 2207 doctrina
427 2143 677 2208 scholasticorum
714 2144 941 2224 distinguantur
975 2148 1132 2208 sententiae

118 2265 188 2328 quae
209 2249 282 2313 oiim
309 2251 430 2316 scholas
453 2253 638 2329 dividebant,
666 2251 713 2314 vet
734 2253 891 2316 recentiori
914 2266 979 2315 aevo
999 2253 1133 2338 ,fuerunt

118 2357 307 2422 introducta.
681 2439 684 2442 Α

160 2463 229 2538 Qua
243 2464 280 2526 de
298 2481 394 2529 cause
413 2471 586 2545 opportuna
601 2483 637 2528 ao
656 2464 741 2528 utitis
761 2464 849 2528 nobis
872 2468 938 2528 visa
961 2470 1019 2539 est,
1040 2465 1132 2526 etiam

120 2572 153 2632 in
164 2575 316 2650 presenti,
328 2571 380 2634 iila
388 2572 558 2651 exponendi
572 2573 734 2636 methodus
744 2575 775 2633 in
788 2571 941 2651 prioribus
950 2570 1134 2635 editionibus

120 2679 285 2742 breviarii
296 2680 510 2756 Philosophiae
530 2681 728 2743 scholastice
749 2680 896 2754 adhibita,
913 2695 974 2760 qua
988 2693 1050 2740 non
1064 2693 1133 2740 con-

119 2781 261 2846 iunditur
280 2788 413 2864 genuina
427 2787 488 2847 divi
502 2787 625 2849 'ihomae
640 2787 778 2848 doctrina
798 2802 869 2849 cum
891 2785 1050 2848 sententiis
1068 2784 1134 2847 dis·

120 2892 320 2971 crepantibus
334 2895 400 2972 ejus
416 2895 625 2972 interpretum.

161 3007 223 3068 iioc
237 3008 366 3086 speciale
386 3008 445 3070 crit
464 3007 590 3070 editioni
611 3007 685 3070 huic
698 3014 822 3078 octava,
845 3008 927 3088 quod
948 3010 1036 3070 initio
1055 3009 1133 3086 capi·

119 3117 239 3177 tumet
264 3115 460 3178 articulorum
487 3113 661 3176 indicantur
686 3113 751 3177 ioca
773 3117 926 3194 praecipua
946 3131 1072 3194 operum
1098 3115 1131 3178 S.

118 3219 243 3282 'thomae
258 3221 289 3280 in
304 3219 416 3300 quibus
435 3220 545 3283 directe
562 3219 610 3282 vei
623 3220 767 3282 indirecte
786 3220 886 3298 agitur
900 3220 936 3282 de
953 3226 1134 3300 argumento

119 3323 241 3388 iliarum
253 3325 436 3387 divisionum
447 3344 454 3399 ;
466 3331 579 3399 tamen,
595 3341 687 3404 opera
696 3327 727 3386 in
738 3325 851 3406 quibus
861 3326 891 3387 S.
904 3328 1015 3388 Doctor
1026 3328 1120 3388 tracta

119 3432 276 3512 speciatim
300 3430 336 3492 de
366 3432 469 3494 eadem
495 3435 621 3495 materia
650 3432 782 3510 generali
803 3448 896 3512 quam
925 3431 1132 3510 aggredimur,

119 3541 267 3601 notentur
288 3537 382 3599 semel
407 3543 526 3600 tantum
552 3543 582 3599 et
609 3542 773 3615 generatim
799 3541 831 3598 in
852 3541 919 3617 ipso
940 3539 1026 3600 initio
1048 3537 1134 3601 iliius

120 3645 216 3724 partis
229 3642 431 3723 Philosophia
452 3644 489 3705 ad
504 3660 598 3724 quam
610 3652 760 3734 spectant.
