2650 4242
496 299 612 342 tumea:
634 299 705 341 nans
727 301 747 340 t.
1120 275 1140 334 5

161 417 257 477 Proh.
286 417 339 478 Eae
367 412 511 476 scientiae
541 431 657 475 revera
689 420 765 474 sunt
807 411 969 471 distinctae
998 421 1140 484 quarum

119 496 289 574 objectum
320 499 353 555 et
381 495 541 572 principia
571 494 741 563 differunt;
761 494 850 569 atqui
880 497 950 550 tum
972 489 1140 565 objectum

119 581 190 638 turn
218 575 377 651 principia
402 575 617 650 Philosophiae
639 579 672 634 et
695 573 831 632 aliarum
851 572 1063 632 scientiarum
1077 582 1137 626 na·

120 656 276 716 luralium
293 654 456 714 differunt.
479 656 606 714 Etenim
622 655 659 720 P,
678 659 714 712 ut
723 651 821 713 modo
837 651 1032 716 dictumest,
1046 646 1138 724 obje-

122 741 212 796 ctum
235 735 452 810 Philosophiae
474 739 550 794 sunt
571 735 703 812 altiores
724 749 835 792 rerum
851 733 997 790 omnium
1014 742 1136 799 causae,

121 815 201 875 dum
218 814 272 892 obj
278 820 384 874 ectum
395 815 607 874 scientiarum
622 814 750 872 illarum
766 815 843 871 sunt
856 826 965 870 caussa
979 809 1137 884 proximae

121 894 341 972 quarumdam
365 911 475 953 rerum
504 894 762 970 particularium;
792 895 826 952 2⁰
841 890 999 968 principia
1034 885 1137 977 Philo-

120 973 248 1050 sophiae
278 974 408 1050 propria
433 976 561 1049 praehet
585 973 666 1032 ratio
689 973 850 1048 superior,
878 970 956 1030 datm
978 968 1138 1056 principia

120 1059 313 1115 craterarum
361 1055 573 1115 scientiarum
628 1051 751 1112 ordinis
800 1051 958 1111 naturalis
1003 1061 1136 1124 propria
1186 1059 1188 1063 ’

120 1138 298 1194 sumuntur
313 1133 352 1192 ab
376 1133 590 1208 experientia.
607 1133 719 1204 Ergo:

162 1214 192 1272 2³
222 1217 302 1272 Purs
328 1212 502 1290 'impugnat
518 1217 586 1288 tum
597 1209 834 1280 ltat'ionalistas
851 1209 903 1286 qui
925 1206 1137 1283 Theologiam

119 1289 165 1350 ad
196 1292 437 1366 Philosophiam
470 1293 645 1360 reducunt,
678 1291 746 1351 tum
767 1288 1055 1356 'iraditionalistas
1081 1287 1138 1362 qui

119 1371 364 1448 Philosophiam
396 1371 438 1432 ad
464 1372 678 1449 Theologiam
713 1377 881 1441 revocant,
913 1374 1071 1444 [aliquam
1095 1365 1137 1426 ad

118 1447 248 1511 fontem
270 1451 448 1528 proprium.

161 1532 256 1590 Prot.
274 1531 394 1592 iisdem
409 1531 589 1591 rationibus
606 1529 726 1605 quihus
746 1530 885 1604 primam
902 1524 1136 1587 denmnstravi-

119 1625 207 1671 mus.
239 1611 402 1670 Praeterea
423 1611 494 1670 haec
518 1609 637 1671 veritas
675 1608 839 1668 declarata
861 1607 921 1667 fuit
945 1625 963 1665 a
992 1604 1134 1664 Concilio

120 1691 277 1750 Vaticano
297 1711 303 1750 :
332 1716 344 1743 α
370 1693 434 1751 Hoc
451 1707 583 1768 quoque
599 1695 782 1764 perpetuus
795 1686 949 1748 Ecclesiae
967 1684 1134 1746 catholicae

121 1785 304 1830 consensus
340 1771 443 1831 tenuit
476 1787 515 1830 ac
546 1773 646 1838 tenet,
679 1768 845 1845 duplicem
876 1784 949 1827 esse
986 1763 1136 1824 ordinem

121 1849 329 1926 cognitionis
366 1865 433 1910 non
458 1850 565 1908 solum
590 1849 760 1925 principio,
796 1847 856 1907 scd
880 1847 1011 1924 obJ'ecto
1038 1845 1136 1903 etiam

121 1925 335 1990 distinctum:
361 1931 521 2006 principio
548 1928 695 2006 quidem,
721 1927 797 2004 quia
818 1929 852 1988 in
873 1929 976 1986 altero
996 1923 1137 1982 naturali

118 2008 262 2080 ratione,
286 2011 320 2069 in
346 2011 448 2068 altero
483 2007 549 2068 fide
580 2008 691 2068 divina
726 2010 973 2083 cognoscimus;
1004 2003 1135 2080 objecto

120 2092 244 2159 autem,
263 2091 335 2165 quia
354 2093 477 2166 praeter
487 2105 526 2148 ea
542 2088 583 2148 ad
597 2103 671 2164 quae
684 2088 839 2146 naturalis
854 2086 1136 2162 ratiopertingere

118 2171 241 2242 potest,
256 2167 422 2228 credenda
437 2169 533 2229 nohis
548 2171 779 2244 proponuntur
797 2169 965 2244 mysteria,
984 2179 1058 2240 quat
1073 2160 1136 2220 nisi

118 2248 265 2308 revelata
288 2248 451 2319 divinitus
468 2248 756 2308 innotescerenon
791 2251 929 2323 possunt
965 2241 1058 2321 »(Ι).
1111 2283 1115 2287 -

117 2387 226 2447 Tussis
236 2389 287 2447 2³:
312 2392 427 2458 Qttouot
437 2391 586 2448 sct'eottos
601 2389 725 2446 ordtut's
738 2387 910 2455 uoturutts,
927 2382 1136 2457 Philosophia

159 2472 203 2527 cst
224 2468 415 2544 stropttctter
429 2471 599 2542 sopiendo,
616 2484 672 2527 seu
693 2469 810 2542 rootuo
824 2473 852 2525 ot
874 2469 954 2526 dua.

159 2609 333 2666 Probatur.
349 2606 750 2683 Philosophiaconsiderat
762 2608 872 2668 altiora
887 2610 1045 2685 principia
1060 2625 1133 2688 quae

117 2684 187 2744 aliis
223 2687 366 2747 scientiis
401 2685 654 2748 fundamentum
675 2688 835 2763 praebent,
859 2688 984 2766 judicat
1012 2689 1054 2749 de
1077 2707 1133 2750 ea-

115 2781 189 2824 rum
200 2770 327 2833 natura,
347 2771 556 2841 extensione,
569 2766 789 2844 legitimitate,
803 2771 866 2827 etc.
885 2770 982 2843 Atqui
998 2771 1135 2831 scientia

117 2860 193 2920 quae
216 2846 285 2906 aliis
308 2846 365 2906 dat
393 2847 551 2923 principia
577 2863 617 2906 ex
643 2848 762 2922 quihus
794 2847 964 2908 exordium
995 2850 1133 2920 ducunt,

111 2923 242 3002 Judicnt
266 2925 307 2986 de
338 2927 531 2986 eorumdem
564 2927 775 2987 scientiarum
796 2931 924 2994 natura,
956 2924 1047 2998 etc.,'
1072 2929 1135 2990 dici

112 3003 219 3064 dehet
246 3005 408 3081 sapientia
430 3012 463 3066 et
484 3007 611 3085 regina.
635 3007 721 3084 Ergo
736 3007 943 3084 Philosophia
963 3011 995 3069 in
1017 3008 1135 3070 ordine

115 3083 255 3144 naturali
267 3089 318 3144 est
337 3085 472 3147 scientia
487 3091 652 3164 princeps.

115 3227 223 3286 Tarsis
240 3226 272 3285 3a
294 3229 404 3296 Quoad
420 3231 570 3288 seleutius
597 3229 721 3287 ordinis
736 3229 1006 3304 supernaturalis
1024 3229 1133 3290 Philo-

154 3307 270 3380 sopttto
285 3307 477 3381 sr'rttpttct'tcr
491 3309 646 3382 stthjucct‚
663 3313 732 3366 tuuc
746 3310 873 3368 ruttouc
887 3310 1005 3384 objecti
1016 3327 1073 3368 seu
1084 3326 1134 3368 oe·

155 3389 294 3446 uttotuut
310 3403 392 3461 patos
405 3391 584 3456 contuetur,
602 3391 671 3445 tum
686 3389 811 3462 cottone
821 3389 900 3448 tucis
915 3391 947 3447 to
961 3405 1026 3462 otto
1049 3388 1137 3450 titud

157 3465 317 3540 objectum
333 3467 513 3526 occultarat
529 3486 538 3526 :
558 3465 626 3525 utu
646 3471 754 3526 tumeo
768 3469 908 3527 soterutt's
918 3469 1043 3527 utttt'ter
1054 3468 1135 3528 sub-

158 3546 267 3604 sorott.

148 3672 181 3732 (1)
197 3671 307 3723 Constit.
323 3673 354 3722 de
368 3671 422 3722 ria.
438 3688 462 3722 c.
475 3675 521 3734 IV,
536 3673 568 3722 de
579 3671 636 3722 Fid.
651 3677 678 3722 et
688 3677 738 3722 rut.
