2650 4242
296 224 493 270 iturarursmx
516 228 598 280 cum,
623 223 682 271 suu
701 210 883 273 omotooix.
1039 211 1099 273 203

69 335 129 397 llis
153 337 418 400 distinctionibus
443 339 612 404 diluuntur
626 354 743 401 omnes
764 341 908 403 rationes
928 342 1098 403 sententia

69 416 303 497 oppositae(l).
1010 460 1013 465 ι

106 496 232 559 ·Thesis
247 498 413 575 duplicem
428 498 657 575 complectitur
665 504 794 575 partem
813 520 819 559 :

115 579 201 637 Pars
218 579 258 638 lt.
278 580 405 640 Natura
432 580 610 655 stapatarts
631 584 660 638 et
670 596 812 655 persora
827 596 891 641 roa
904 578 1039 642 realiter
1066 582 1100 641 ta

68 658 195 717 creatis
208 658 459 733 atettapaaatar.

115 736 293 796 Probatur.
317 738 488 799 Distinctio
515 739 614 798 realis
642 737 832 798 necessario
862 738 1048 813 expostulat
1061 741 1099 799 ut

72 815 166 874 sitin
181 832 250 877 uno
265 816 403 877 termino
419 818 529 893 aliqua
543 818 675 879 realitas
696 834 765 895 qua
794 818 828 878 in
850 818 952 879 altero
976 816 1097 889 deficit,

73 908 140 953 seu
165 910 337 955 accessum
352 897 492 974 alicujus
516 898 674 957 realitatis
696 898 846 975 exquirit.
870 896 969 974 Atqui
982 903 1100 958 natura

73 974 257 1051 singularis
284 978 355 1037 sine
384 991 521 1038 accessu
550 977 690 1054 alicujus
717 976 872 1037 realitatis
893 974 1097 1053 dipersona.

73 1053 164 1131 Ergo
196 1055 283 1114 inter
303 1060 454 1117 natu-ram
481 1056 684 1136 singularem
713 1061 746 1117 et
769 1072 946 1135 personam
967 1062 1101 1118 nonest

77 1131 373 1196 discrimen'reale.

118 1215 230 1288 Major
256 1230 317 1290 per
337 1230 374 1275 se
402 1219 494 1292 patet
511 1235 517 1275 :
535 1216 643 1275 solum
658 1218 857 1291 conceptum
880 1214 1101 1277 distinctionis

76 1292 176 1352 realis
192 1294 333 1364 exhibet,
350 1300 387 1354 ut
408 1301 524 1373 postea
549 1294 747 1356 videbimus.

118 1372 285 1433 Probatur
297 1376 414 1435 rrttaor.
426 1376 546 1435 Natura
567 1375 744 1452 singularis
760 1372 878 1433 dicitur
892 1373 1102 1451 suppositum

78 1456 137 1511 aut
150 1468 306 1527 persona,
324 1454 457 1532 quando
474 1459 524 1514 est
538 1471 599 1530 per
627 1472 663 1514 se
693 1452 861 1533 quoddam
877 1452 1041 1531 integrum
1069 1456 1103 1513 et

78 1532 296 1607 completum,
312 1550 434 1610 nempe
460 1532 594 1612 quando
610 1551 643 1593 se
652 1536 795 1609 possidet
816 1549 871 1593 sea
888 1537 932 1591 est
946 1533 999 1592 sat
1012 1534 1104 1607 jarts

80 1614 110 1667 et
131 1610 231 1672 atteri
243 1614 572 1674 incommunicabilis.
588 1613 685 1689 Atqui
705 1616 822 1673 natura
855 1612 1031 1689 singularis
1061 1626 1103 1672 eo

79 1688 153 1765 ipso
169 1707 206 1751 se
234 1693 394 1768 possidet,
426 1692 515 1770 quod
537 1710 604 1753 non
633 1694 674 1753 ab
691 1694 753 1754 alio
768 1690 968 1767 possidetur.
996 1692 1105 1752 Debet

81 1783 157 1829 esse
180 1772 213 1829 in
227 1787 265 1831 se
279 1776 401 1833 seusui
412 1773 507 1851 Juris,
525 1774 551 1831 si
567 1787 635 1832 non
647 1776 697 1833 est
708 1774 741 1831 in
752 1772 853 1831 altero
869 1786 930 1831 seu
944 1786 998 1832 res
1014 1770 1096 1831 alte-

25 1879 29 1885 ·
79 1848 161 1918 rius,
190 1866 312 1927 nempe
334 1852 409 1913 ideo
433 1870 469 1913 se
494 1850 654 1929 possidet,
672 1868 733 1913 seu
755 1856 806 1912 est
828 1850 963 1927 aliquod
981 1854 1099 1923 totum,

82 1930 241 2003 quianon
258 1935 307 1991 est
320 1948 397 2009 pars
413 1933 545 1992 alterius
560 1947 622 1992 nec
639 1932 734 1991 alteri
747 1932 844 1991 inest.
861 1932 946 2009 Ergo
964 1930 1036 1991 sine
1049 1944 1100 1989 ao·

83 2024 183 2069 cessu
205 2026 296 2071 nove
324 2013 478 2073 realitatis
501 2011 683 2071 formaliter
707 2008 913 2072 constituitur
926 2009 960 2069 in
975 2012 1102 2071 ratione

80 2103 242 2164 personae,
271 2107 393 2168 nempe
406 2090 443 2151 fit
459 2095 510 2154 sui
529 2090 625 2169 juris.

121 2172 204 2229 Pars
225 2171 267 2230 2².
285 2173 509 2231 Verumtamen
528 2170 727 2231 admittenda
742 2174 785 2229 est
809 2170 967 2230 ettstt'aett‘o
993 2170 1098 2229 ratio-

80 2250 131 2308 ats
145 2252 347 2311 ratiocinata
356 2254 440 2312 teter
449 2256 601 2311 cataroae
615 2255 643 2308 et
653 2264 841 2323 personare.

122 2329 296 2391 Probatur.
313 2331 402 2391 Alius
417 2337 467 2391 est
482 2334 663 2405 conceptus
680 2344 745 2405 quo
762 2327 935 2388 exhibetur
949 2328 1098 2387 substan-

84 2409 138 2469 tia.
157 2410 237 2485 quin
253 2407 490 2472 determinetur
503 2416 612 2470 utrum
640 2408 682 2467 sit
709 2409 776 2468 tota
793 2411 824 2465 et
840 2408 873 2467 in
889 2424 936 2476 se,
959 2423 1000 2467 an
1023 2422 1100 2482 pars

84 2487 166 2547 etin
181 2489 259 2558 alio;
278 2496 311 2550 et
325 2491 406 2551 alius
422 2495 473 2550 est
488 2496 668 2563 conceptus
684 2502 749 2561 quo
767 2486 941 2547 exhibetur
952 2487 1102 2547 substan·

84 2568 126 2626 tia
141 2573 180 2628 ut
194 2570 367 2630 terminata
384 2574 417 2629 et
432 2570 607 2645 completa,
624 2568 674 2627 sui
685 2566 769 2644 Juris
785 2571 818 2626 el
842 2566 1102 2627 incommunica-

83 2647 158 2707 bilis
177 2665 183 2705 ε
202 2652 235 2708 et
249 2664 303 2709 res
317 2652 390 2726 ipsa
414 2648 604 2725 suppeditat
630 2645 886 2707 fundamentum
913 2646 1006 2706 istius
1036 2645 1102 2706 dis·

84 2728 262 2789 tinctionis.
286 2731 384 2807 Atqui
400 2732 581 2805 conceptus
598 2726 719 2788 diversi
735 2725 978 2786 distinctionem
1003 2726 1103 2785 ratio-

84 2806 135 2865 nis
152 2809 367 2881 constituunt‚
390 2813 428 2868 ut
441 2806 525 2868 inira
539 2808 657 2868 melius
673 2805 810 2882 patebit.
826 2806 910 2883 Ergo
930 2804 1105 2865 discrimen
1154 2850 1158 2855 .

84 2887 224 2947 virtuale
240 2888 356 2950 saltem
372 2889 478 2951 existit
491 2886 577 2948 inter
590 2891 743 2947 naturam
760 2885 962 2963 singularem
985 2889 1017 2946 et
1031 2900 1104 2961 per-

85 2981 216 3026 sonam.

116 3119 152 3181 (l)
167 3120 199 3169 D.
215 3120 297 3170 Vallet
310 3121 402 3184 triplex
417 3120 490 3169 elteri
503 3124 691 3180 argumentum,
707 3128 816 3185 quorum
830 3114 940 3185 primum
962 3112 1108 3185 desumitur

84 3195 120 3229 ex.
130 3196 161 3229 eo
176 3180 245 3245 quqd
259 3186 352 3231 natura
365 3181 495 3230 individua
511 3179 544 3229 sit
564 3178 793 3233 communicabilis,
812 3183 837 3227 et
861 3192 928 3226 uniri
942 3181 1022 3239 possit
1044 3191 1106 3239 sup-

84 3242 183 3306 posito;
196 3244 305 3292 alterum
318 3259 349 3291 ex
363 3243 483 3307 mysterio
498 3240 697 3298 incarnationis;
721 3238 825 3309 tertium
838 3255 871 3287 ex
885 3253 915 3287 eo
929 3240 1000 3309 quod
1014 3243 1105 3288 natura

85 3304 181 3369 privari
196 3309 280 3369 potest
292 3304 457 3354 subsistentia
469 3304 581 3368 propria.
597 3303 632 3352 At
647 3302 745 3371 nullum
760 3315 792 3349 ex
811 3300 862 3370 illis
873 3300 1022 3370 concludit,
1047 3312 1106 3369 cum

86 3371 179 3417 natura
193 3368 329 3432 singularis
343 3365 391 3416 sibi
404 3367 494 3416 relicta
511 3364 544 3415 sit
559 3363 710 3429 hypostasis,
725 3377 780 3413 sinc
799 3362 928 3412 additione
952 3377 1024 3412 novae
1039 3365 1109 3409 entr-

70 3428 163 3489 ¹tatis3
178 3435 228 3481 etc.
