2650 4242
198 192 257 254 252
504 208 686 253 nannenten
707 209 912 253 rlircosorrnm

238 324 293 387 llis
306 324 490 401 praemissis,
507 323 550 385 ad
565 322 796 401 probationem
812 325 913 387 thesis
928 322 1153 403 aggredimur.

238 404 262 465 l.
279 406 423 465 Eatenus
437 402 623 465 notiofiniti
637 405 825 466 necessario
850 403 1046 466 fundaretur
1058 405 1092 464 in
1107 404 1226 481 praevia

199 484 335 545 notione
350 482 476 554 infiniti,
494 488 658 561 quatenus
674 485 816 547 obtineri
839 501 907 547 non
930 490 1045 561 posset
1069 484 1133 545 nisi
1159 500 1225 561 ope
1295 504 1296 507 ¹

199 564 299 642 buJus
323 566 446 640 praevie
470 564 623 625 notionis.
649 564 748 641 Atqui
772 564 860 625 notio
885 563 966 626 finiti
991 581 1107 625 revera
1131 564 1227 625 aliter

199 645 341 706 obtineri
356 648 476 721 potest,
488 642 928 706 seunotioneminfinitinon
939 645 1131 707 necessario
1143 644 1222 705 sub·

201 722 302 785 audit.
318 724 403 801 Ergo
417 721 545 783 finitum
558 723 629 784 sine
644 725 761 801 praevia
782 723 897 786 infiniti
922 725 1058 786 notione
1084 739 1226 802 cognos-

203 820 277 865 cere
292 803 451 863 valemus.

241 884 341 961 Major
356 899 421 943 non
446 886 557 957 potest
579 882 694 962 negari
718 884 759 945 ab
784 883 990 955 advorsariis
1017 898 1094 943 nam
1120 882 1225 959 ipsein

201 962 304 1026 refert
330 963 492 1023 rationem
521 978 586 1040 qua
614 963 789 1026 adstruunt
827 964 1062 1025 necessitatem
1100 963 1225 1039 praeviae

202 1042 346 1109 notionis
359 1038 486 1103 infiniti.

243 1123 345 1183 Minor
375 1126 500 1181 tantum
523 1121 657 1196 probari
683 1119 794 1184 debet.
821 1123 913 1183 Finiti
936 1124 1038 1193 notio,
1064 1128 1102 1183 ut
1129 1127 1226 1183 antea

204 1201 357 1272 diximus,
382 1201 447 1261 duo
471 1199 638 1277 importat,
664 1202 790 1263 scilicet
814 1203 984 1264 entitatem
1008 1203 1167 1280 aliquam,
1195 1208 1229 1262 et

201 1283 339 1343 limitem
353 1280 452 1359 hujus
471 1280 627 1353 entitatis,
643 1297 704 1343 seu
718 1283 933 1361 negationem
946 1284 1113 1344 ulterioris
1129 1282 1226 1343 reali·

203 1358 389 1503 tafifififiossfi
403 1438 481 1500 nihil
495 1443 587 1499 vetat
602 1439 777 1516 quominus
792 1441 935 1519 aliquam
958 1440 1146 1503 realitatem
1170 1458 1225 1503 co-

204 1536 403 1600 gnoscamus
429 1519 501 1579 sine
524 1519 586 1580 hac
607 1519 724 1595 praevia
753 1522 888 1582 notione
926 1519 1074 1584 infiniti:
1106 1526 1141 1583 et
1164 1521 1228 1582 hoc
1317 1522 1318 1543 ³

203 1602 347 1664 libenter
366 1597 512 1660 fatentur
527 1598 715 1663 adversarii.

244 1680 277 1741 2⁰
300 1682 446 1754 Nepotio,
471 1693 570 1757 quam
594 1678 750 1755 importat
773 1681 863 1741 notio
884 1677 975 1752 finiti,
992 1684 1102 1755 potest
1128 1679 1230 1742 etiam

204 1758 358 1821 facillime
374 1759 529 1834 explicari
545 1759 616 1819 sine
630 1762 748 1836 praevio
765 1764 929 1836 conceptu
953 1758 1081 1822 infiniti.
1096 1759 1230 1820 Etenim
1319 1778 1320 1789 ¹

205 1840 299 1901 limes
312 1855 379 1900 non
392 1840 547 1914 importat
568 1839 630 1898 nisi
651 1841 865 1919 negationem
887 1840 1024 1919 alicujus
1047 1839 1229 1917 superioris

205 1917 416 1997 perfectionis
432 1919 500 1979 sive
513 1917 620 1987 finitae,
637 1919 706 1980 sive
722 1918 861 1981 infinita.
878 1921 910 1981 Si
925 1922 1112 1981 necessario
1135 1918 1230 1979 dice·

206 2003 258 2060 ret
271 1999 484 2078 negationem
498 1997 628 2071 infiniti,
646 2002 813 2062 enimvero
825 1999 896 2061 sine
907 2000 968 2060 hac
979 2000 1114 2063 notione
1129 1998 1228 2076 eupli·

207 2082 273 2140 cari
286 2095 354 2141 non
370 2081 496 2155 possea
514 2078 575 2139 sed
589 2078 722 2140 realitas
737 2078 826 2141 finita
841 2080 874 2139 in
889 2080 950 2140 alia
965 2080 1114 2141 realitate
1137 2078 1229 2140 finita

204 2157 353 2237 profecto
368 2157 492 2219 includi
506 2162 616 2235 potest
632 2176 639 2217 ε
657 2167 689 2220 et
708 2159 828 2220 exinde
844 2160 884 2220 ab
900 2160 972 2237 ipsa
986 2159 1115 2221 limitari
1129 2176 1179 2219 :v.
1193 2174 1227 2237 g.
1322 2156 1323 2163 ’

204 2238 303 2301 homo
319 2239 352 2299 in
368 2238 428 2298 bac
445 2238 578 2307 exedra,
602 2254 684 2317 ager
705 2240 739 2301 in
763 2240 872 2318 aliqua
896 2238 1045 2317 regione,
1072 2239 1230 2300 exhibent

204 2334 260 2380 res
287 2318 439 2380 limitatas
461 2334 602 2396 quarum
626 2319 720 2380 limes
745 2334 812 2381 non
836 2322 885 2379 est
909 2318 1033 2396 aliquid
1052 2319 1228 2381 infinitum.

204 2400 289 2477 Ergo
305 2398 372 2459 haec
387 2398 551 2460 ulterioris
565 2397 779 2476 perfectionis
794 2400 928 2477 negatio
944 2415 1012 2460 non
1038 2398 1229 2461 necessario

204 2477 401 2540 relationem
417 2476 495 2540 dicit
509 2477 551 2538 ad
566 2476 739 2539 infinitum.
754 2480 835 2538 Durn
848 2478 954 2539 liabeo
966 2496 1030 2555 praa
1041 2479 1145 2539 oculis
1156 2492 1229 2538 rem

207 2576 276 2637 qua
293 2558 490 2629 continetur,
507 2563 540 2618 et
554 2576 625 2618 rem
641 2576 711 2636 quae
725 2559 881 2628 continet,
894 2558 989 2621 video
1002 2560 1141 2634 primam
1154 2574 1230 2619 esse

208 2640 249 2701 ab
275 2638 336 2698 alia
358 2638 538 2698 limitatam.
565 2640 643 2700 Hinc
659 2639 701 2700 ad
716 2640 942 2717 negationem,
967 2655 1067 2715 quam
1091 2636 1232 2700 includit

208 2720 299 2857 notig
313 2716 406 2789 finiti,
423 2718 663 2796 explicandam,
681 2716 800 2779 sufficit
815 2720 957 2798 cognitio
969 2718 1134 2796 graduum
1143 2719 1233 2779 inter

207 2813 262 2858 res
300 2800 399 2860 nitas

250 2878 286 2937 lt.
304 2875 519 2939 Confirmatur
534 2877 635 2937 thesis
652 2880 681 2937 l⁰
697 2892 738 2937 ex
754 2892 792 2937 eo
811 2876 900 2953 quod
923 2874 1050 2937 finitum
1074 2876 1109 2937 in
1132 2874 1232 2938 variis

207 2956 329 3035 linguis
344 2973 411 3018 non
427 2960 478 3015 est
491 2973 555 3017 vox
570 2959 782 3035 negationem
797 2954 913 3017 infiniti
929 2958 1122 3032 importans,
1150 2956 1231 3018 dum

208 3034 370 3097 infinitum
389 3052 523 3110 semper
547 3036 720 3097 exhibetur
742 3040 780 3097 ut
804 3036 935 3115 negatio
960 3034 1051 3097 finiti.
1078 3038 1163 3115 Ergo
1191 3051 1232 3096 ex

208 3115 323 3177 indole
337 3115 524 3195 linguarum
540 3120 666 3177 constat
685 3120 811 3176 tantum
830 3117 947 3177 abesse
974 3121 1010 3176 ut
1035 3118 1123 3179 notio
1149 3114 1233 3177 finiti

209 3196 398 3258 obtineatur
413 3211 453 3256 ex
468 3196 645 3273 negatione
661 3195 788 3269 infiniti,
807 3196 896 3273 quod
910 3193 1025 3257 infiniti
1040 3199 1126 3259 notio
1143 3195 1233 3257 exhi-

209 3276 329 3337 beatur
348 3280 385 3335 ut
400 3276 570 3336 efformata
587 3292 627 3335 ex
641 3279 821 3357 negatione
837 3276 928 3336 finiti.

260 3353 477 3416 Confirmatur
513 3356 545 3416 20
585 3355 659 3432 quia
697 3372 817 3431 reapse
842 3355 1028 3416 obtinemus
1063 3356 1235 3415 notionem

208 3433 325 3497 infiniti
340 3451 382 3495 ex
397 3434 659 3496 consideratione
675 3435 838 3497 variorum
853 3434 1017 3513 graduum
1033 3435 1088 3510 qui
1099 3436 1134 3494 in
1151 3434 1234 3496 enti·

172 3536 176 3542 ’
210 3514 273 3575 bus
286 3513 385 3574 finitis
394 3513 614 3590 reperiuntur,
630 3515 674 3574 ita
688 3518 725 3575 ut
738 3514 866 3576 finitum
892 3513 1027 3591 aliquod
1045 3512 1237 3576 includatur

211 3593 246 3652 in
259 3593 387 3672 maj0ri,
406 3596 439 3652 et
452 3592 500 3651 sic
513 3591 695 3655 indefinite.
711 3596 757 3656 Ex
772 3595 832 3657 hac
853 3592 1024 3657 indefinita
1048 3596 1236 3657 remotione
