2650 4242
403 179 520 241 272
888 247 890 251 ¹
1018 193 1376 239 Bnnvmmuu
1417 192 1825 237 PfflLOSOPfflAE

405 292 973 364 affirmarideberet
1001 308 1061 362 in
1093 308 1497 381 conclusione,
1529 308 1704 363 modo
1732 307 1982 361 'nullum
2011 307 2092 362 sit
2127 320 2257 361 me-

408 379 571 435 dium
593 379 754 434 inter
780 379 1160 452 hypotheses.
2237 456 2258 470 ·
2364 378 2433 433 57

712 505 749 567 ἓ
774 502 836 557 Π.
858 504 950 569 ‚De
979 502 1109 557 aliis
1136 502 1344 558 formis
1375 501 1826 572 argumentandi
1855 516 1986 571 quae
2016 503 2266 556 externa

840 573 1035 643 specie
1064 588 1099 627 a
1135 574 1479 643 syllogismo
1506 574 1694 643 magis
1721 574 2029 627 recedunt.

485 698 541 751 1⁰
553 696 925 764 Enthymema
945 700 1037 751 est
1056 697 1434 766 syllogismus
1447 698 1541 753 cui
1553 695 1812 751 demitur
1832 711 1951 752 una
1962 696 2060 751 vel
2079 696 2272 751 altera

411 767 873 838 praemissarum.
2375 767 2446 821 58

486 837 545 891 ‘2⁰
556 838 927 906 Epycherema
948 840 1039 892 est
1060 838 1439 907 syllogismus
1467 838 1637 907 cujus
1659 851 1776 892 una
1796 839 1892 893 vel
1921 839 2112 894 altera
2127 852 2274 908 prae·

417 908 597 961 missa
624 922 794 963 suam
824 922 1023 963 secum
1063 910 1230 963 affert
1255 908 1686 979 probationem.
2368 908 2440 963 58

489 978 548 1031 3⁰
577 981 1071 1046 Polysylloqismus
1099 983 1193 1034 est
1229 978 1667 1049 argumentatio
1725 978 1788 1032 in
1819 979 1938 1050 qua
1967 979 2275 1034 conclusio

420 1049 597 1103 unius
628 1048 956 1118 syllogismi
984 1050 1148 1104 vices
1177 1052 1425 1119 majoris
1453 1051 1515 1104 in
1545 1051 1815 1120 sequenti
1845 1049 2021 1119 gerit.
2374 1050 2445 1104 58

492 1120 551 1173 40
582 1118 791 1173 Sor-itas
822 1122 914 1173 est
932 1122 1370 1189 argumentatio
1398 1121 1670 1191 pluribus
1698 1124 1976 1175 constans
2002 1120 2273 1191 proposi-

421 1189 682 1244 tionibus
701 1190 782 1245 ita
804 1191 1083 1244 connexis
1105 1193 1171 1246 ut
1190 1192 1548 1246 attributum
1567 1191 1787 1261 prioris
1816 1190 1919 1246 fiat
1939 1192 2278 1261 subjectum

421 1260 775 1329 posterioris
824 1278 837 1313 ε
871 1261 1172 1317 conclusio
1220 1261 1558 1330 subiectum
1606 1262 1811 1331 primae
1847 1262 2280 1332 propositionis

422 1344 557 1385 cum
587 1331 876 1385 attributo
910 1332 1128 1387 ultimae
1160 1333 1414 1402 copulat.
2385 1334 2455 1387 59

493 1401 731 1469 Regulae
767 1420 780 1455 :
817 1402 872 1455 10
911 1403 1061 1457 Solis
1108 1404 1466 1472 negantibus
1495 1401 1743 1457 conflari
1798 1402 2026 1473 nequit,
2086 1416 2284 1473 neque

426 1477 486 1525 2⁰
506 1471 1011 1541 propositionibus
1036 1473 1519 1542 particularibus,
2396 1473 2460 1528 59

502 1544 564 1595 5⁰
598 1544 865 1595 Dilemma
896 1544 988 1599 est
1016 1545 1457 1611 argumentatio
1506 1558 1622 1613 qua
1671 1541 2014 1598 ostenditur·
2064 1558 2285 1599 unam-

426 1626 720 1682 quamque
748 1627 781 1666 e
801 1611 1029 1667 duabus
1060 1613 1471 1684 disjunctionis
1490 1614 1759 1685 partibus
1781 1615 1988 1668 contra
2007 1614 2290 1670 adversa-

427 1683 583 1737 rium
609 1682 829 1739 valere.
2395 1686 2463 1739 60

1188 1773 1594 1830 ARTIGULUS
1624 1756 1721 1831 v.⁴

1154 1877 1227 1930 De
1254 1877 1700 1944 sophismatibus,

1102 1978 1143 2026 1.
1172 1979 1249 2029 De
1276 1978 1486 2029 fallaciis
1512 1977 1774 2031 dictionis.

455 2097 459 2102 >
503 2076 560 2129 10
590 2074 899 2146 sophisma
918 2077 1366 2147 compositionis
1393 2079 1613 2134 transit
1641 2079 1716 2134 de
1773 2091 1951 2134 sensu
1989 2078 2182 2136 diviso
2215 2080 2297 2137 ad

432 2159 671 2200 sensum
700 2148 1111 2218 compositum,
1134 2152 1195 2203 20
1225 2150 1287 2202 in
1308 2150 1669 2219 sophismate
1690 2149 1996 2205 divisionis
2008 2150 2077 2207 fit
2096 2154 2297 2207 trans-

429 2217 549 2269 itus
569 2230 601 2269 e
640 2229 821 2271 sensu
850 2220 1179 2289 composito
1210 2220 1284 2274 ad
1313 2220 1588 2275 divisum.
2398 2223 2466 2277 60

989 2322 1058 2373 ΙΙ.
1095 2322 1171 2371 De
1198 2322 1412 2373 fallaciis
1440 2329 1588 2374 extra
1616 2322 1908 2373 dictionem.

518 2423 566 2471 10
598 2418 890 2487 ignoratio
938 2419 1186 2493 elenchi,
1226 2420 1287 2476 2⁰
1371 2422 1538 2479 etitio
1574 2424 1870 2495 principii,
1909 2424 1971 2480 30
2002 2426 2302 2498 sophisma

446 2507 558 2543 [mn
586 2502 779 2545 causae
804 2503 915 2561 pro
944 2505 1142 2563 causa,
1175 2494 1234 2547 40
1260 2491 1492 2549 salacia
1519 2495 1860 2551 accidentis,
2402 2496 2468 2551 61

1373 2615 1562 2640 -ῇ

1270 2682 1503 2739 CAPUT
1538 2686 1634 2743 IV.

1240 2803 1327 2873 vDE
1357 2803 1680 2850 METHODO.

514 2888 818 2946 methodus
848 2894 940 2947 est
970 2892 1116 2949 ordo
1146 2894 1209 2949 in
1240 2896 1686 2965 operationibus
1733 2898 1953 2953 mentis
2009 2900 2310 2956 adhibitus

450 2959 502 3011 in
518 2959 668 3039 tuitu
698 2961 963 3018 scientiae
988 2965 1643 3037 adipiscendae.Duplex
1669 2968 2005 3043 methodus,
2018 2971 2314 3041 analytica

446 3031 669 3084 scilieet
703 3035 767 3092 et
801 3034 1156 3103 synthetica.
2413 3042 2478 3097 62

1223 3126 1620 3182 ARTICULUS
1655 3129 1700 3184 Ι.

1287 3233 1362 3287 De
1391 3236 1639 3302 analysi.

522 3331 621 3383 Est
648 3330 931 3387 resolutio
960 3333 1210 3404 alicujus
1246 3336 1433 3391 totius
1460 3337 1523 3391 in
1553 3350 1687 3392 suas
1759 3339 1937 3395 artes.
1982 3342 2195 3397 Totum
2222 3346 2316 3399 est

454 3399 668 3467 duplex
700 3416 715 3453 ε
748 3406 986 3473 actuale,
1019 3405 1188 3473 cujus
1220 3410 1427 3475 partes
1465 3411 1607 3462 sunt
1645 3423 1720 3463 ve
1779 3411 2312 3483 physicae.(essen-

458 3467 623 3523 tinles
652 3472 756 3523 aut
782 3470 1151 3551 integrales),
1181 3476 1280 3529 vel
1315 3477 1765 3549 metaphysicae3
1795 3486 2106 3549 potentia-le
2143 3486 2316 3555 cujus

458 3543 655 3607 pso-:tes
684 3539 1030 3610 subjectivae
1059 3543 1362 3602 dicuntur.
2413 3554 2474 3610 63
