<?xml version="1.0" encoding="UTF-8"?>
<!DOCTYPE html PUBLIC "-//W3C//DTD XHTML 1.0 Transitional//EN"
    "http://www.w3.org/TR/xhtml1/DTD/xhtml1-transitional.dtd">
<html xmlns="http://www.w3.org/1999/xhtml" xml:lang="en" lang="en">
 <head>
  <title>
</title>
<meta http-equiv="Content-Type" content="text/html;charset=utf-8" />
  <meta name='ocr-system' content='tesseract 3.04.00' />
  <meta name='ocr-capabilities' content='ocr_page ocr_carea ocr_par ocr_line ocrx_word'/>
</head>
<body>
  <div class='ocr_page' id='page_1' title='image "./brevariumphilos01grangoog_0314.png"; bbox 0 0 2650 4242; ppageno 0'>
   <div class='ocr_carea' id='block_1_1' title="bbox 181 298 886 361">
    <p class='ocr_par' dir='ltr' id='par_1_1' title="bbox 181 298 886 361">
     <span class='ocr_line' id='line_1_1' title="bbox 181 298 886 361; baseline -0.009 0"><span class='ocrx_word' id='word_1_1' title='bbox 181 298 249 361; x_wconf 86' lang='grc'>296·</span> <span class='ocrx_word' id='word_1_2' title='bbox 486 307 664 359; x_wconf 72' lang='lat' dir='ltr'>saeviamus</span> <span class='ocrx_word' id='word_1_3' title='bbox 684 306 886 355; x_wconf 75' lang='lat' dir='ltr'>PillLOSO&#39;PlllAE</span> 
     </span>
    </p>
   </div>
   <div class='ocr_carea' id='block_1_2' title="bbox 118 423 1206 1912">
    <p class='ocr_par' dir='ltr' id='par_1_2' title="bbox 217 423 1202 550">
     <span class='ocr_line' id='line_1_2' title="bbox 217 423 1202 550; baseline -0.008 -64"><span class='ocrx_word' id='word_1_4' title='bbox 217 430 305 486; x_wconf 90' lang='lat' dir='ltr'>Notio</span> <span class='ocrx_word' id='word_1_5' title='bbox 327 428 430 484; x_wconf 89' lang='lat' dir='ltr'>limitis</span> <span class='ocrx_word' id='word_1_6' title='bbox 444 430 491 483; x_wconf 90' lang='lat' dir='ltr'>est</span> <span class='ocrx_word' id='word_1_7' title='bbox 508 442 545 483; x_wconf 90' lang='lat' dir='ltr'>ex</span> <span class='ocrx_word' id='word_1_8' title='bbox 559 423 787 499; x_wconf 80' lang='lat' dir='ltr'>parte&#39;positiya</span> <span class='ocrx_word' id='word_1_9' title='bbox 810 428 891 481; x_wconf 89' lang='lat' dir='ltr'>etex</span> <span class='ocrx_word' id='word_1_10' title='bbox 912 425 999 494; x_wconf 87' lang='lat' dir='ltr'>parte</span> <span class='ocrx_word' id='word_1_11' title='bbox 1014 438 1109 494; x_wconf 85' lang='lat' dir='ltr'>nega-</span> <span class='ocrx_word' id='word_1_12' title='bbox 1143 495 1202 550; x_wconf 54' lang='lat'>249</span> 
     </span>
    </p>

    <p class='ocr_par' dir='ltr' id='par_1_3' title="bbox 182 501 1206 779">
     <span class='ocr_line' id='line_1_3' title="bbox 182 501 1133 558; baseline -0.006 -1"><span class='ocrx_word' id='word_1_13' title='bbox 182 501 255 558; x_wconf 85' lang='lat' dir='ltr'>tiva.</span> <span class='ocrx_word' id='word_1_14' title='bbox 605 528 608 533; x_wconf 92' lang='lat'>·</span> <span class='ocrx_word' id='word_1_15' title='bbox 1130 546 1133 551; x_wconf 79' lang='grc'>,</span> 
     </span>
     <span class='ocr_line' id='line_1_4' title="bbox 219 565 1206 640; baseline -0.007 -14"><span class='ocrx_word' id='word_1_16' title='bbox 219 572 349 627; x_wconf 83' lang='lat' dir='ltr'>Finitum</span> <span class='ocrx_word' id='word_1_17' title='bbox 363 569 552 639; x_wconf 76' lang='lat' dir='ltr'>semipotest</span> <span class='ocrx_word' id='word_1_18' title='bbox 563 569 593 622; x_wconf 94' lang='lat' dir='ltr'>in</span> <span class='ocrx_word' id='word_1_19' title='bbox 608 570 704 635; x_wconf 79' lang='lat' dir='ltr'>utiquo</span> <span class='ocrx_word' id='word_1_20' title='bbox 717 582 825 636; x_wconf 74' lang='lat' dir='ltr'>genere,</span> <span class='ocrx_word' id='word_1_21' title='bbox 842 568 891 624; x_wconf 83' lang='lat' dir='ltr'>vel</span> <span class='ocrx_word' id='word_1_22' title='bbox 904 569 1078 640; x_wconf 83' lang='lat' dir='ltr'>simpliciter.</span> <span class='ocrx_word' id='word_1_23' title='bbox 1137 565 1206 623; x_wconf 72' lang='grc'>249</span> 
     </span>
     <span class='ocr_line' id='line_1_5' title="bbox 216 634 1200 697; baseline -0.004 0"><span class='ocrx_word' id='word_1_24' title='bbox 216 644 258 697; x_wconf 84' lang='lat' dir='ltr'>De</span> <span class='ocrx_word' id='word_1_25' title='bbox 272 640 388 695; x_wconf 89' lang='lat' dir='ltr'>infinito</span> <span class='ocrx_word' id='word_1_26' title='bbox 402 643 433 696; x_wconf 89' lang='lat' dir='ltr'>et</span> <span class='ocrx_word' id='word_1_27' title='bbox 443 638 606 695; x_wconf 85' lang='lat' dir='ltr'>indefinito.</span> <span class='ocrx_word' id='word_1_28' title='bbox 1143 634 1200 693; x_wconf 84' lang='grc'>250</span> 
     </span>
     <span class='ocr_line' id='line_1_6' title="bbox 216 712 1106 779; baseline -0.004 -12"><span class='ocrx_word' id='word_1_29' title='bbox 216 716 337 768; x_wconf 78' lang='grc' dir='ltr'><strong>ΤΗΕειε.</strong></span> <span class='ocrx_word' id='word_1_30' title='bbox 354 713 365 766; x_wconf 90' lang='grc' dir='ltr'>Ι</span> <span class='ocrx_word' id='word_1_31' title='bbox 379 713 527 779; x_wconf 71' lang='lat' dir='ltr'>Infinitum</span> <span class='ocrx_word' id='word_1_32' title='bbox 538 715 602 764; x_wconf 86' lang='lat' dir='ltr'>actu</span> <span class='ocrx_word' id='word_1_33' title='bbox 616 716 712 777; x_wconf 81' lang='lat' dir='ltr'>nequit</span> <span class='ocrx_word' id='word_1_34' title='bbox 722 726 893 779; x_wconf 81' lang='lat' dir='ltr'>quocumque</span> <span class='ocrx_word' id='word_1_35' title='bbox 903 712 983 765; x_wconf 85' lang='lat' dir='ltr'>modo</span> <span class='ocrx_word' id='word_1_36' title='bbox 992 726 1106 763; x_wconf 84' lang='lat' dir='ltr'>mensu·</span> 
     </span>
    </p>

    <p class='ocr_par' dir='ltr' id='par_1_4' title="bbox 182 781 1107 852">
     <span class='ocr_line' id='line_1_7' title="bbox 182 781 1107 852; baseline -0.003 -14"><span class='ocrx_word' id='word_1_37' title='bbox 182 786 256 845; x_wconf 82' lang='lat' dir='ltr'>reri,</span> <span class='ocrx_word' id='word_1_38' title='bbox 281 797 341 837; x_wconf 90' lang='lat' dir='ltr'>non</span> <span class='ocrx_word' id='word_1_39' title='bbox 364 782 545 837; x_wconf 90' lang='lat' dir='ltr'>mensuratio</span> <span class='ocrx_word' id='word_1_40' title='bbox 568 783 615 835; x_wconf 90' lang='lat' dir='ltr'>est</span> <span class='ocrx_word' id='word_1_41' title='bbox 630 784 798 839; x_wconf 86' lang='lat' dir='ltr'>successiva</span> <span class='ocrx_word' id='word_1_42' title='bbox 812 782 969 852; x_wconf 80' lang='lat' dir='ltr'>applicatio</span> <span class='ocrx_word' id='word_1_43' title='bbox 984 781 1107 835; x_wconf 85' lang='lat' dir='ltr'>unitatis</span> 
     </span>
    </p>

    <p class='ocr_par' dir='ltr' id='par_1_5' title="bbox 180 850 1199 977">
     <span class='ocr_line' id='line_1_8' title="bbox 180 850 1199 977; baseline -0.004 -68"><span class='ocrx_word' id='word_1_44' title='bbox 180 853 274 909; x_wconf 85' lang='lat' dir='ltr'>linitae</span> <span class='ocrx_word' id='word_1_45' title='bbox 296 854 327 907; x_wconf 93' lang='lat' dir='ltr'>et</span> <span class='ocrx_word' id='word_1_46' title='bbox 354 852 461 907; x_wconf 81' lang='lat' dir='ltr'>exinde</span> <span class='ocrx_word' id='word_1_47' title='bbox 484 854 689 908; x_wconf 90' lang='lat' dir='ltr'>mensuratum</span> <span class='ocrx_word' id='word_1_48' title='bbox 711 855 858 919; x_wconf 87' lang='lat' dir='ltr'>rationem</span> <span class='ocrx_word' id='word_1_49' title='bbox 885 850 962 907; x_wconf 89' lang='lat' dir='ltr'>finiti</span> <span class='ocrx_word' id='word_1_50' title='bbox 990 864 1107 922; x_wconf 79' lang='lat' dir='ltr'><strong>semper</strong></span> <span class='ocrx_word' id='word_1_51' title='bbox 1141 921 1199 977; x_wconf 69' lang='lat'>250</span> 
     </span>
    </p>

    <p class='ocr_par' dir='ltr' id='par_1_6' title="bbox 179 925 533 981">
     <span class='ocr_line' id='line_1_9' title="bbox 179 925 533 981; baseline -0.014 -1"><span class='ocrx_word' id='word_1_52' title='bbox 179 925 277 981; x_wconf 87' lang='lat' dir='ltr'>hahet.</span> <span class='ocrx_word' id='word_1_53' title='bbox 529 937 533 941; x_wconf 61' lang='grc'><strong>’</strong></span> 
     </span>
    </p>

    <p class='ocr_par' dir='ltr' id='par_1_7' title="bbox 118 991 1107 1063">
     <span class='ocr_line' id='line_1_10' title="bbox 118 991 1107 1063; baseline -0.006 -10"><span class='ocrx_word' id='word_1_54' title='bbox 118 1013 123 1026; x_wconf 71' lang='grc'>’</span> <span class='ocrx_word' id='word_1_55' title='bbox 217 998 279 1053; x_wconf 80' lang='lat' dir='ltr'>Gor.</span> <span class='ocrx_word' id='word_1_56' title='bbox 296 996 374 1063; x_wconf 85' lang='lat' dir='ltr'>Ergo</span> <span class='ocrx_word' id='word_1_57' title='bbox 390 992 538 1049; x_wconf 87' lang='lat' dir='ltr'>inlinitum</span> <span class='ocrx_word' id='word_1_58' title='bbox 552 1007 612 1046; x_wconf 88' lang='lat' dir='ltr'>non</span> <span class='ocrx_word' id='word_1_59' title='bbox 628 992 757 1048; x_wconf 86' lang='lat' dir='ltr'>hahetur</span> <span class='ocrx_word' id='word_1_60' title='bbox 769 1006 825 1063; x_wconf 88' lang='lat' dir='ltr'>per</span> <span class='ocrx_word' id='word_1_61' title='bbox 839 993 1011 1049; x_wconf 90' lang='lat' dir='ltr'>continuam</span> <span class='ocrx_word' id='word_1_62' title='bbox 1029 991 1107 1047; x_wconf 88' lang='lat' dir='ltr'>finiti</span> 
     </span>
    </p>

    <p class='ocr_par' dir='ltr' id='par_1_8' title="bbox 180 1062 1199 1201">
     <span class='ocr_line' id='line_1_11' title="bbox 180 1062 1199 1122; baseline -0.003 0"><span class='ocrx_word' id='word_1_63' title='bbox 180 1065 372 1122; x_wconf 81' lang='lat' dir='ltr'>additionem.</span> <span class='ocrx_word' id='word_1_64' title='bbox 1140 1062 1199 1119; x_wconf 86' lang='grc'>250</span> 
     </span>
     <span class='ocr_line' id='line_1_12' title="bbox 215 1134 1106 1201; baseline -0.006 -9"><span class='ocrx_word' id='word_1_65' title='bbox 215 1140 336 1192; x_wconf 79' lang='lat' dir='ltr'>Tussis</span> <span class='ocrx_word' id='word_1_66' title='bbox 352 1136 383 1189; x_wconf 88' lang='lat' dir='ltr'>ll.</span> <span class='ocrx_word' id='word_1_67' title='bbox 406 1134 566 1200; x_wconf 71' lang='lat' dir='ltr'>differentia</span> <span class='ocrx_word' id='word_1_68' title='bbox 580 1135 655 1188; x_wconf 81' lang='lat' dir='ltr'>tuter</span> <span class='ocrx_word' id='word_1_69' title='bbox 678 1136 791 1201; x_wconf 76' lang='lat' dir='ltr'>finitum</span> <span class='ocrx_word' id='word_1_70' title='bbox 815 1139 844 1189; x_wconf 86' lang='lat' dir='ltr'>ct</span> <span class='ocrx_word' id='word_1_71' title='bbox 858 1134 1035 1201; x_wconf 78' lang='lat' dir='ltr'>indefinitum</span> <span class='ocrx_word' id='word_1_72' title='bbox 1052 1148 1106 1187; x_wconf 84' lang='lat' dir='ltr'>esse</span> 
     </span>
    </p>

    <p class='ocr_par' dir='ltr' id='par_1_9' title="bbox 180 1203 1105 1275">
     <span class='ocr_line' id='line_1_13' title="bbox 180 1203 1105 1275; baseline -0.002 -14"><span class='ocrx_word' id='word_1_73' title='bbox 180 1222 238 1261; x_wconf 82' lang='lat' dir='ltr'>nou</span> <span class='ocrx_word' id='word_1_74' title='bbox 258 1211 343 1273; x_wconf 83' lang='lat' dir='ltr'>potest</span> <span class='ocrx_word' id='word_1_75' title='bbox 368 1206 477 1272; x_wconf 79' lang='lat' dir='ltr'>aliquid</span> <span class='ocrx_word' id='word_1_76' title='bbox 495 1206 709 1275; x_wconf 59' lang='lat' dir='ltr'>finitum31ram</span> <span class='ocrx_word' id='word_1_77' title='bbox 729 1218 814 1261; x_wconf 85' lang='lat' dir='ltr'>secus</span> <span class='ocrx_word' id='word_1_78' title='bbox 833 1203 899 1260; x_wconf 88' lang='lat' dir='ltr'>duae</span> <span class='ocrx_word' id='word_1_79' title='bbox 922 1205 1105 1275; x_wconf 74' lang='lat' dir='ltr'>quantitates</span> 
     </span>
    </p>

    <p class='ocr_par' dir='ltr' id='par_1_10' title="bbox 199 1274 1195 1415">
     <span class='ocr_line' id='line_1_14' title="bbox 199 1274 1195 1344; baseline -0.01 -12"><span class='ocrx_word' id='word_1_80' title='bbox 199 1277 270 1333; x_wconf 77' lang='lat' dir='ltr'>nita</span> <span class='ocrx_word' id='word_1_81' title='bbox 283 1274 432 1330; x_wconf 88' lang='lat' dir='ltr'>inlinitum</span> <span class='ocrx_word' id='word_1_82' title='bbox 446 1275 607 1344; x_wconf 71' lang='lat' dir='ltr'>aequarent.</span> <span class='ocrx_word' id='word_1_83' title='bbox 927 1322 928 1325; x_wconf 73' lang='grc'>,</span> <span class='ocrx_word' id='word_1_84' title='bbox 1139 1274 1195 1331; x_wconf 84' lang='lat'>251</span> 
     </span>
     <span class='ocr_line' id='line_1_15' title="bbox 215 1347 1106 1415; baseline -0.002 -14"><span class='ocrx_word' id='word_1_85' title='bbox 215 1350 336 1402; x_wconf 80' lang='lat' dir='ltr'>Tussis.</span> <span class='ocrx_word' id='word_1_86' title='bbox 352 1348 393 1400; x_wconf 91' lang='lat' dir='ltr'>lll.</span> <span class='ocrx_word' id='word_1_87' title='bbox 411 1347 560 1398; x_wconf 76' lang='lat' dir='ltr'>Multitudo</span> <span class='ocrx_word' id='word_1_88' title='bbox 585 1352 649 1399; x_wconf 89' lang='lat' dir='ltr'>cctu</span> <span class='ocrx_word' id='word_1_89' title='bbox 664 1349 780 1408; x_wconf 71' lang='lat' dir='ltr'>traducta</span> <span class='ocrx_word' id='word_1_90' title='bbox 795 1350 942 1415; x_wconf 76' lang='lat' dir='ltr'>repugnet,</span> <span class='ocrx_word' id='word_1_91' title='bbox 963 1360 1030 1400; x_wconf 91' lang='lat' dir='ltr'>nam</span> <span class='ocrx_word' id='word_1_92' title='bbox 1050 1359 1106 1399; x_wconf 90' lang='lat' dir='ltr'>cu-</span> 
     </span>
    </p>

    <p class='ocr_par' dir='ltr' id='par_1_11' title="bbox 179 1414 1106 1487">
     <span class='ocr_line' id='line_1_16' title="bbox 179 1414 1106 1487; baseline -0.004 -14"><span class='ocrx_word' id='word_1_93' title='bbox 179 1417 278 1473; x_wconf 91' lang='lat' dir='ltr'>mulus</span> <span class='ocrx_word' id='word_1_94' title='bbox 293 1418 441 1470; x_wconf 89' lang='lat' dir='ltr'>unitatum</span> <span class='ocrx_word' id='word_1_95' title='bbox 457 1414 589 1470; x_wconf 90' lang='lat' dir='ltr'>infinitus</span> <span class='ocrx_word' id='word_1_96' title='bbox 604 1417 711 1487; x_wconf 86' lang='lat' dir='ltr'>quihus</span> <span class='ocrx_word' id='word_1_97' title='bbox 725 1416 915 1486; x_wconf 78' lang='lat' dir='ltr'>coalesceret,</span> <span class='ocrx_word' id='word_1_98' title='bbox 937 1430 989 1471; x_wconf 87' lang='lat' dir='ltr'>seu</span> <span class='ocrx_word' id='word_1_99' title='bbox 1004 1430 1106 1471; x_wconf 90' lang='lat' dir='ltr'>nume·</span> 
     </span>
    </p>

    <p class='ocr_par' dir='ltr' id='par_1_12' title="bbox 179 1485 1106 1555">
     <span class='ocr_line' id='line_1_17' title="bbox 179 1485 1106 1555; baseline -0.002 -12"><span class='ocrx_word' id='word_1_100' title='bbox 179 1502 233 1543; x_wconf 90' lang='lat' dir='ltr'>rus</span> <span class='ocrx_word' id='word_1_101' title='bbox 255 1490 385 1555; x_wconf 80' lang='lat' dir='ltr'>infinitus</span> <span class='ocrx_word' id='word_1_102' title='bbox 409 1485 528 1540; x_wconf 93' lang='lat' dir='ltr'>nonnisi</span> <span class='ocrx_word' id='word_1_103' title='bbox 547 1486 660 1541; x_wconf 88' lang='lat' dir='ltr'>unitate</span> <span class='ocrx_word' id='word_1_104' title='bbox 682 1487 815 1543; x_wconf 82' lang='lat' dir='ltr'>differret</span> <span class='ocrx_word' id='word_1_105' title='bbox 830 1501 848 1541; x_wconf 90' lang='lat' dir='ltr'>a</span> <span class='ocrx_word' id='word_1_106' title='bbox 861 1500 985 1541; x_wconf 87' lang='lat' dir='ltr'>numero</span> <span class='ocrx_word' id='word_1_107' title='bbox 1004 1487 1106 1542; x_wconf 90' lang='lat' dir='ltr'>imme-</span> 
     </span>
    </p>

    <p class='ocr_par' dir='ltr' id='par_1_13' title="bbox 179 1555 1195 1628">
     <span class='ocr_line' id='line_1_18' title="bbox 179 1555 1195 1628; baseline -0.002 -15"><span class='ocrx_word' id='word_1_108' title='bbox 179 1559 260 1613; x_wconf 89' lang='lat' dir='ltr'>diate</span> <span class='ocrx_word' id='word_1_109' title='bbox 272 1555 452 1628; x_wconf 85' lang='lat' dir='ltr'>praecedenti</span> <span class='ocrx_word' id='word_1_110' title='bbox 468 1559 499 1610; x_wconf 89' lang='lat' dir='ltr'>et</span> <span class='ocrx_word' id='word_1_111' title='bbox 511 1558 600 1622; x_wconf 78' lang='lat' dir='ltr'>finito.</span> <span class='ocrx_word' id='word_1_112' title='bbox 1140 1556 1195 1613; x_wconf 85' lang='grc'>251</span> 
     </span>
    </p>

    <p class='ocr_par' dir='ltr' id='par_1_14' title="bbox 149 1626 1195 1767">
     <span class='ocr_line' id='line_1_19' title="bbox 149 1626 1195 1698; baseline -0.001 -14"><span class='ocrx_word' id='word_1_113' title='bbox 149 1664 153 1669; x_wconf 75' lang='lat'><em>‚</em></span> <span class='ocrx_word' id='word_1_114' title='bbox 216 1630 277 1684; x_wconf 79' lang='lat' dir='ltr'>Gor.</span> <span class='ocrx_word' id='word_1_115' title='bbox 294 1628 449 1698; x_wconf 87' lang='lat' dir='ltr'>Repugnat</span> <span class='ocrx_word' id='word_1_116' title='bbox 460 1627 593 1680; x_wconf 87' lang='lat' dir='ltr'>extensio</span> <span class='ocrx_word' id='word_1_117' title='bbox 609 1627 733 1683; x_wconf 86' lang='lat' dir='ltr'>actualis</span> <span class='ocrx_word' id='word_1_118' title='bbox 747 1626 872 1683; x_wconf 87' lang='lat' dir='ltr'>infinita.</span> <span class='ocrx_word' id='word_1_119' title='bbox 995 1654 1006 1665; x_wconf 86' lang='lat'><strong>·</strong></span> <span class='ocrx_word' id='word_1_120' title='bbox 1140 1626 1195 1683; x_wconf 84' lang='lat'>251</span> 
     </span>
     <span class='ocr_line' id='line_1_20' title="bbox 216 1698 1168 1767; baseline -0.001 -13"><span class='ocrx_word' id='word_1_121' title='bbox 216 1702 336 1755; x_wconf 75' lang='lat' dir='ltr'>Tussis.</span> <span class='ocrx_word' id='word_1_122' title='bbox 357 1701 401 1753; x_wconf 90' lang='lat' dir='ltr'>IV.</span> <span class='ocrx_word' id='word_1_123' title='bbox 419 1698 498 1750; x_wconf 85' lang='lat' dir='ltr'>Notio</span> <span class='ocrx_word' id='word_1_124' title='bbox 512 1700 587 1764; x_wconf 74' lang='lat' dir='ltr'>finiti</span> <span class='ocrx_word' id='word_1_125' title='bbox 601 1714 658 1751; x_wconf 81' lang='lat' dir='ltr'>nou</span> <span class='ocrx_word' id='word_1_126' title='bbox 673 1700 815 1765; x_wconf 73' lang='lat' dir='ltr'>fundetur</span> <span class='ocrx_word' id='word_1_127' title='bbox 833 1702 865 1751; x_wconf 85' lang='lat' dir='ltr'>in</span> <span class='ocrx_word' id='word_1_128' title='bbox 876 1700 982 1767; x_wconf 78' lang='lat' dir='ltr'>previa</span> <span class='ocrx_word' id='word_1_129' title='bbox 996 1701 1114 1767; x_wconf 80' lang='lat' dir='ltr'>infiniti.</span> <span class='ocrx_word' id='word_1_130' title='bbox 1165 1731 1168 1739; x_wconf 89' lang='lat'><em>·</em></span> 
     </span>
    </p>

    <p class='ocr_par' dir='ltr' id='par_1_15' title="bbox 181 1767 1199 1912">
     <span class='ocr_line' id='line_1_21' title="bbox 181 1767 1197 1839; baseline 0 -16"><span class='ocrx_word' id='word_1_131' title='bbox 181 1773 301 1839; x_wconf 78' lang='lat' dir='ltr'>cottone,</span> <span class='ocrx_word' id='word_1_132' title='bbox 318 1782 386 1823; x_wconf 92' lang='lat' dir='ltr'>nam</span> <span class='ocrx_word' id='word_1_133' title='bbox 405 1767 542 1822; x_wconf 84' lang='lat' dir='ltr'>facillime</span> <span class='ocrx_word' id='word_1_134' title='bbox 552 1768 638 1822; x_wconf 86' lang='lat' dir='ltr'>aliter</span> <span class='ocrx_word' id='word_1_135' title='bbox 648 1768 776 1823; x_wconf 92' lang='lat' dir='ltr'>obtineri</span> <span class='ocrx_word' id='word_1_136' title='bbox 790 1771 897 1837; x_wconf 89' lang='lat' dir='ltr'>potest.</span> <span class='ocrx_word' id='word_1_137' title='bbox 1139 1769 1197 1823; x_wconf 85' lang='lat'>251</span> 
     </span>
     <span class='ocr_line' id='line_1_22' title="bbox 214 1837 1199 1912; baseline 0.001 -17"><span class='ocrx_word' id='word_1_138' title='bbox 214 1838 282 1912; x_wconf 72' lang='lat' dir='ltr'>Set.</span> <span class='ocrx_word' id='word_1_139' title='bbox 295 1839 387 1894; x_wconf 84' lang='lat' dir='ltr'>Causa</span> <span class='ocrx_word' id='word_1_140' title='bbox 397 1838 434 1893; x_wconf 92' lang='lat' dir='ltr'>ob</span> <span class='ocrx_word' id='word_1_141' title='bbox 446 1852 536 1908; x_wconf 84' lang='lat' dir='ltr'>quam</span> <span class='ocrx_word' id='word_1_142' title='bbox 545 1837 710 1893; x_wconf 85' lang='lat' dir='ltr'>adversarii</span> <span class='ocrx_word' id='word_1_143' title='bbox 724 1840 754 1893; x_wconf 92' lang='lat' dir='ltr'>in</span> <span class='ocrx_word' id='word_1_144' title='bbox 769 1853 872 1896; x_wconf 85' lang='lat' dir='ltr'>errore</span> <span class='ocrx_word' id='word_1_145' title='bbox 881 1843 1049 1895; x_wconf 88' lang='lat' dir='ltr'>versantur.</span> <span class='ocrx_word' id='word_1_146' title='bbox 1139 1838 1199 1896; x_wconf 87' lang='grc'>253</span> 
     </span>
    </p>
   </div>
   <div class='ocr_carea' id='block_1_3' title="bbox 567 1960 806 2016">
    <p class='ocr_par' dir='ltr' id='par_1_16' title="bbox 567 1960 806 2016">
     <span class='ocr_line' id='line_1_23' title="bbox 567 1960 806 2016; baseline -0.004 0"><span class='ocrx_word' id='word_1_147' title='bbox 567 1960 765 2016; x_wconf 86' lang='lat' dir='ltr'><strong>ARTICULUS</strong></span> <span class='ocrx_word' id='word_1_148' title='bbox 775 1962 806 2015; x_wconf 88' lang='grc' dir='ltr'>Π.</span> 
     </span>
    </p>
   </div>
   <div class='ocr_carea' id='block_1_4' title="bbox 300 2073 1064 2277">
    <p class='ocr_par' dir='ltr' id='par_1_17' title="bbox 300 2073 1064 2277">
     <span class='ocr_line' id='line_1_24' title="bbox 300 2073 1064 2154; baseline -0.001 -14"><span class='ocrx_word' id='word_1_149' title='bbox 300 2088 336 2140; x_wconf 85' lang='lat' dir='ltr'>De</span> <span class='ocrx_word' id='word_1_150' title='bbox 351 2088 457 2139; x_wconf 81' lang='lat' dir='ltr'>entium</span> <span class='ocrx_word' id='word_1_151' title='bbox 468 2087 683 2154; x_wconf 71' lang='lat' dir='ltr'>perfectionibus</span> <span class='ocrx_word' id='word_1_152' title='bbox 699 2087 790 2153; x_wconf 79' lang='lat' dir='ltr'>quoad</span> <span class='ocrx_word' id='word_1_153' title='bbox 799 2073 912 2140; x_wconf 76' lang='lat' dir='ltr'>t&#39;uodum</span> <span class='ocrx_word' id='word_1_154' title='bbox 921 2087 1064 2141; x_wconf 69' lang='lat' dir='ltr'>existendi.</span> 
     </span>
     <span class='ocr_line' id='line_1_25' title="bbox 310 2207 1057 2277; baseline 0.003 -16"><span class='ocrx_word' id='word_1_155' title='bbox 310 2208 362 2274; x_wconf 71' lang='lat'>51.</span> <span class='ocrx_word' id='word_1_156' title='bbox 375 2208 415 2261; x_wconf 89' lang='lat' dir='ltr'>De</span> <span class='ocrx_word' id='word_1_157' title='bbox 429 2208 550 2262; x_wconf 93' lang='lat' dir='ltr'>notione</span> <span class='ocrx_word' id='word_1_158' title='bbox 564 2207 641 2261; x_wconf 90' lang='lat' dir='ltr'>entis</span> <span class='ocrx_word' id='word_1_159' title='bbox 655 2207 816 2263; x_wconf 86' lang='lat' dir='ltr'>necessarii</span> <span class='ocrx_word' id='word_1_160' title='bbox 829 2209 860 2261; x_wconf 92' lang='lat' dir='ltr'>et</span> <span class='ocrx_word' id='word_1_161' title='bbox 869 2209 1057 2277; x_wconf 73' lang='lat' dir='ltr'>contigentia.</span> 
     </span>
    </p>
   </div>
   <div class='ocr_carea' id='block_1_5' title="bbox 104 2330 1200 3743">
    <p class='ocr_par' dir='ltr' id='par_1_18' title="bbox 104 2330 1200 3743">
     <span class='ocr_line' id='line_1_26' title="bbox 104 2330 1102 2403; baseline -0.002 -16"><span class='ocrx_word' id='word_1_162' title='bbox 104 2345 107 2350; x_wconf 81' lang='lat'><em>·</em></span> <span class='ocrx_word' id='word_1_163' title='bbox 214 2330 419 2387; x_wconf 84' lang='lat' dir='ltr'>Necessarium</span> <span class='ocrx_word' id='word_1_164' title='bbox 434 2330 525 2384; x_wconf 90' lang='lat' dir='ltr'>estid</span> <span class='ocrx_word' id='word_1_165' title='bbox 564 2330 623 2385; x_wconf 92' lang='lat' dir='ltr'>uod</span> <span class='ocrx_word' id='word_1_166' title='bbox 637 2332 693 2402; x_wconf 88' lang='lat' dir='ltr'>est,</span> <span class='ocrx_word' id='word_1_167' title='bbox 710 2332 740 2385; x_wconf 92' lang='lat' dir='ltr'>et</span> <span class='ocrx_word' id='word_1_168' title='bbox 754 2345 814 2385; x_wconf 89' lang='lat' dir='ltr'>non</span> <span class='ocrx_word' id='word_1_169' title='bbox 827 2333 927 2400; x_wconf 90' lang='lat' dir='ltr'>potest</span> <span class='ocrx_word' id='word_1_170' title='bbox 941 2346 1000 2386; x_wconf 92' lang='lat' dir='ltr'>non</span> <span class='ocrx_word' id='word_1_171' title='bbox 1021 2346 1102 2403; x_wconf 88' lang='lat' dir='ltr'>esse;</span> 
     </span>
     <span class='ocr_line' id='line_1_27' title="bbox 180 2346 1103 2471; baseline -0.001 -13"><span class='ocrx_word' id='word_1_172' title='bbox 180 2402 355 2471; x_wconf 86' lang='lat' dir='ltr'>contingens</span> <span class='ocrx_word' id='word_1_173' title='bbox 373 2402 420 2454; x_wconf 90' lang='lat' dir='ltr'>est</span> <span class='ocrx_word' id='word_1_174' title='bbox 434 2400 464 2454; x_wconf 89' lang='lat' dir='ltr'>id</span> <span class='ocrx_word' id='word_1_175' title='bbox 478 2346 563 2470; x_wconf 52' lang='lat' dir='ltr'>quor?</span> <span class='ocrx_word' id='word_1_176' title='bbox 571 2404 671 2471; x_wconf 89' lang='lat' dir='ltr'>potest</span> <span class='ocrx_word' id='word_1_177' title='bbox 689 2416 754 2455; x_wconf 87' lang='lat' dir='ltr'>esse</span> <span class='ocrx_word' id='word_1_178' title='bbox 773 2404 804 2455; x_wconf 92' lang='lat' dir='ltr'>et</span> <span class='ocrx_word' id='word_1_179' title='bbox 818 2416 877 2456; x_wconf 89' lang='lat' dir='ltr'>non</span> <span class='ocrx_word' id='word_1_180' title='bbox 892 2416 968 2456; x_wconf 89' lang='lat' dir='ltr'>esse.</span> <span class='ocrx_word' id='word_1_181' title='bbox 985 2402 1103 2471; x_wconf 82' lang='lat' dir='ltr'>Triplex</span> 
     </span>
     <span class='ocr_line' id='line_1_28' title="bbox 130 2472 1102 2542; baseline -0.003 -12"><span class='ocrx_word' id='word_1_182' title='bbox 130 2477 133 2482; x_wconf 88' lang='lat'>&#39;</span> <span class='ocrx_word' id='word_1_183' title='bbox 180 2474 341 2530; x_wconf 89' lang='lat' dir='ltr'>necessitas</span> <span class='ocrx_word' id='word_1_184' title='bbox 355 2474 386 2525; x_wconf 92' lang='lat' dir='ltr'>et</span> <span class='ocrx_word' id='word_1_185' title='bbox 401 2472 602 2540; x_wconf 86' lang='lat' dir='ltr'>contingentia</span> <span class='ocrx_word' id='word_1_186' title='bbox 624 2490 631 2525; x_wconf 93' lang='lat'><strong>:</strong></span> <span class='ocrx_word' id='word_1_187' title='bbox 647 2472 752 2541; x_wconf 87' lang='lat' dir='ltr'>logica,</span> <span class='ocrx_word' id='word_1_188' title='bbox 767 2473 892 2541; x_wconf 87' lang='lat' dir='ltr'>physica</span> <span class='ocrx_word' id='word_1_189' title='bbox 902 2474 932 2527; x_wconf 89' lang='lat' dir='ltr'>et</span> <span class='ocrx_word' id='word_1_190' title='bbox 948 2474 1102 2542; x_wconf 87' lang='lat' dir='ltr'>metaphy-</span> 
     </span>
     <span class='ocr_line' id='line_1_29' title="bbox 180 2542 1095 2613; baseline -0.002 -14"><span class='ocrx_word' id='word_1_191' title='bbox 180 2545 250 2599; x_wconf 89' lang='lat' dir='ltr'>sica.</span> <span class='ocrx_word' id='word_1_192' title='bbox 275 2543 441 2596; x_wconf 85' lang='lat' dir='ltr'>Necessitas</span> <span class='ocrx_word' id='word_1_193' title='bbox 465 2542 667 2611; x_wconf 88' lang='lat' dir='ltr'>metaphysica</span> <span class='ocrx_word' id='word_1_194' title='bbox 681 2544 790 2597; x_wconf 89' lang='lat' dir='ltr'>iterum</span> <span class='ocrx_word' id='word_1_195' title='bbox 814 2543 855 2596; x_wconf 83' lang='lat' dir='ltr'>tri</span> <span class='ocrx_word' id='word_1_196' title='bbox 875 2544 923 2597; x_wconf 86' lang='lat' dir='ltr'>lex</span> <span class='ocrx_word' id='word_1_197' title='bbox 937 2546 984 2597; x_wconf 89' lang='lat' dir='ltr'>est</span> <span class='ocrx_word' id='word_1_198' title='bbox 998 2542 1095 2613; x_wconf 88' lang='lat' dir='ltr'>quoad</span> 
     </span>
     <span class='ocr_line' id='line_1_30' title="bbox 180 2611 1101 2683; baseline 0 -14"><span class='ocrx_word' id='word_1_199' title='bbox 180 2614 349 2681; x_wconf 87' lang='lat' dir='ltr'>essentiam,</span> <span class='ocrx_word' id='word_1_200' title='bbox 375 2611 473 2682; x_wconf 87' lang='lat' dir='ltr'>quoad</span> <span class='ocrx_word' id='word_1_201' title='bbox 496 2613 683 2667; x_wconf 83' lang='lat' dir='ltr'>existentiam</span> <span class='ocrx_word' id='word_1_202' title='bbox 707 2616 737 2667; x_wconf 89' lang='lat' dir='ltr'>et</span> <span class='ocrx_word' id='word_1_203' title='bbox 765 2627 841 2683; x_wconf 88' lang='lat' dir='ltr'>quoa</span> <span class='ocrx_word' id='word_1_204' title='bbox 889 2614 1101 2683; x_wconf 86' lang='lat' dir='ltr'>operationem.</span> 
     </span>
     <span class='ocr_line' id='line_1_31' title="bbox 179 2681 1200 2752; baseline 0.001 -12"><span class='ocrx_word' id='word_1_205' title='bbox 179 2685 258 2741; x_wconf 89' lang='lat' dir='ltr'>Idem</span> <span class='ocrx_word' id='word_1_206' title='bbox 268 2682 425 2738; x_wconf 89' lang='lat' dir='ltr'>dicendum</span> <span class='ocrx_word' id='word_1_207' title='bbox 440 2681 476 2737; x_wconf 93' lang='lat' dir='ltr'>de</span> <span class='ocrx_word' id='word_1_208' title='bbox 491 2683 692 2751; x_wconf 85' lang='lat' dir='ltr'>contingentia</span> <span class='ocrx_word' id='word_1_209' title='bbox 703 2683 914 2752; x_wconf 85' lang='lat' dir='ltr'>metaphysica.</span> <span class='ocrx_word' id='word_1_210' title='bbox 1139 2686 1200 2741; x_wconf 82' lang='lat'>253</span> 
     </span>
     <span class='ocr_line' id='line_1_32' title="bbox 214 2752 1093 2825; baseline 0.002 -16"><span class='ocrx_word' id='word_1_211' title='bbox 214 2754 380 2809; x_wconf 87' lang='lat' dir='ltr'>Necessitas</span> <span class='ocrx_word' id='word_1_212' title='bbox 394 2752 594 2822; x_wconf 87' lang='lat' dir='ltr'>metaphysica</span> <span class='ocrx_word' id='word_1_213' title='bbox 604 2766 710 2808; x_wconf 87' lang='lat' dir='ltr'>rursus</span> <span class='ocrx_word' id='word_1_214' title='bbox 725 2752 869 2809; x_wconf 89' lang='lat' dir='ltr'>dividitur</span> <span class='ocrx_word' id='word_1_215' title='bbox 883 2755 914 2809; x_wconf 92' lang='lat' dir='ltr'>in</span> <span class='ocrx_word' id='word_1_216' title='bbox 929 2754 1093 2825; x_wconf 87' lang='lat' dir='ltr'>simplicem</span> 
     </span>
     <span class='ocr_line' id='line_1_33' title="bbox 179 2822 1198 2894; baseline 0.002 -13"><span class='ocrx_word' id='word_1_217' title='bbox 179 2828 210 2881; x_wconf 91' lang='lat' dir='ltr'>et</span> <span class='ocrx_word' id='word_1_218' title='bbox 223 2823 385 2880; x_wconf 90' lang='lat' dir='ltr'>secundum</span> <span class='ocrx_word' id='word_1_219' title='bbox 399 2822 479 2894; x_wconf 88' lang='lat' dir='ltr'>quid.</span> <span class='ocrx_word' id='word_1_220' title='bbox 709 2848 712 2857; x_wconf 60' lang='grc'><strong>’</strong></span> <span class='ocrx_word' id='word_1_221' title='bbox 759 2850 761 2855; x_wconf 36' lang='lat' dir='ltr'>v</span> <span class='ocrx_word' id='word_1_222' title='bbox 1139 2828 1198 2883; x_wconf 88' lang='grc'>254</span> 
     </span>
     <span class='ocr_line' id='line_1_34' title="bbox 215 2895 1167 2964; baseline -0.001 -14"><span class='ocrx_word' id='word_1_223' title='bbox 215 2899 335 2951; x_wconf 79' lang='grc' dir='ltr'><strong>ΤΗΕειε.</strong></span> <span class='ocrx_word' id='word_1_224' title='bbox 351 2896 371 2949; x_wconf 92' lang='grc' dir='ltr'>Ι.</span> <span class='ocrx_word' id='word_1_225' title='bbox 389 2895 535 2947; x_wconf 80' lang='lat' dir='ltr'>Necessitas</span> <span class='ocrx_word' id='word_1_226' title='bbox 546 2896 734 2963; x_wconf 80' lang='lat' dir='ltr'>rnetuphyst‘ca</span> <span class='ocrx_word' id='word_1_227' title='bbox 749 2896 870 2949; x_wconf 81' lang='lat' dir='ltr'>absolute</span> <span class='ocrx_word' id='word_1_228' title='bbox 880 2912 927 2949; x_wconf 88' lang='lat' dir='ltr'>seu</span> <span class='ocrx_word' id='word_1_229' title='bbox 937 2896 1103 2964; x_wconf 76' lang='lat' dir='ltr'>sitrtpte&#39;citer</span> <span class='ocrx_word' id='word_1_230' title='bbox 1162 2931 1167 2940; x_wconf 86' lang='lat'>·</span> 
     </span>
     <span class='ocr_line' id='line_1_35' title="bbox 178 2965 1101 3037; baseline 0.002 -18"><span class='ocrx_word' id='word_1_231' title='bbox 178 2970 298 3035; x_wconf 85' lang='lat' dir='ltr'>sumpte,</span> <span class='ocrx_word' id='word_1_232' title='bbox 310 2966 363 3017; x_wconf 84' lang='lat' dir='ltr'>solt</span> <span class='ocrx_word' id='word_1_233' title='bbox 377 2965 428 3017; x_wconf 76' lang='lat' dir='ltr'>lico</span> <span class='ocrx_word' id='word_1_234' title='bbox 438 2968 573 3029; x_wconf 77' lang='lat' dir='ltr'>conuenit,</span> <span class='ocrx_word' id='word_1_235' title='bbox 586 2981 654 3021; x_wconf 91' lang='lat' dir='ltr'>nam</span> <span class='ocrx_word' id='word_1_236' title='bbox 666 2970 724 3020; x_wconf 87' lang='lat' dir='ltr'>Deo</span> <span class='ocrx_word' id='word_1_237' title='bbox 736 2965 790 3020; x_wconf 90' lang='lat' dir='ltr'>soli</span> <span class='ocrx_word' id='word_1_238' title='bbox 805 2969 952 3037; x_wconf 83' lang='lat' dir='ltr'>repugnat</span> <span class='ocrx_word' id='word_1_239' title='bbox 963 2966 1101 3036; x_wconf 85' lang='lat' dir='ltr'>quaelihet</span> 
     </span>
     <span class='ocr_line' id='line_1_36' title="bbox 178 3034 1199 3104; baseline 0.003 -12"><span class='ocrx_word' id='word_1_240' title='bbox 178 3034 388 3104; x_wconf 86' lang='lat' dir='ltr'>contingentia.</span> <span class='ocrx_word' id='word_1_241' title='bbox 1139 3038 1199 3095; x_wconf 76' lang='grc'>254</span> 
     </span>
     <span class='ocr_line' id='line_1_37' title="bbox 213 3104 1104 3174; baseline 0.001 -14"><span class='ocrx_word' id='word_1_242' title='bbox 213 3109 332 3161; x_wconf 80' lang='lat' dir='ltr'>Tussis.</span> <span class='ocrx_word' id='word_1_243' title='bbox 348 3106 379 3158; x_wconf 92' lang='lat' dir='ltr'>Il.</span> <span class='ocrx_word' id='word_1_244' title='bbox 398 3104 482 3158; x_wconf 82' lang='lat' dir='ltr'>Omne</span> <span class='ocrx_word' id='word_1_245' title='bbox 497 3108 658 3172; x_wconf 67' lang='lat' dir='ltr'>contingens</span> <span class='ocrx_word' id='word_1_246' title='bbox 674 3110 789 3160; x_wconf 76' lang='lat' dir='ltr'>asistere</span> <span class='ocrx_word' id='word_1_247' title='bbox 799 3110 903 3174; x_wconf 78' lang='lat' dir='ltr'>nequit.</span> <span class='ocrx_word' id='word_1_248' title='bbox 921 3110 979 3160; x_wconf 78' lang='lat' dir='ltr'>uisi</span> <span class='ocrx_word' id='word_1_249' title='bbox 997 3110 1032 3161; x_wconf 85' lang='lat' dir='ltr'>ab</span> <span class='ocrx_word' id='word_1_250' title='bbox 1046 3110 1104 3161; x_wconf 84' lang='lat' dir='ltr'>oti-</span> 
     </span>
     <span class='ocr_line' id='line_1_38' title="bbox 177 3176 1105 3245; baseline 0.005 -16"><span class='ocrx_word' id='word_1_251' title='bbox 177 3192 235 3245; x_wconf 81' lang='lat' dir='ltr'>que</span> <span class='ocrx_word' id='word_1_252' title='bbox 249 3191 335 3229; x_wconf 87' lang='lat' dir='ltr'>causa</span> <span class='ocrx_word' id='word_1_253' title='bbox 346 3176 538 3243; x_wconf 83' lang='lat' dir='ltr'>producatur;</span> <span class='ocrx_word' id='word_1_254' title='bbox 551 3176 712 3233; x_wconf 88' lang='lat' dir='ltr'>intrinsece</span> <span class='ocrx_word' id='word_1_255' title='bbox 726 3178 805 3231; x_wconf 91' lang='lat' dir='ltr'>enim</span> <span class='ocrx_word' id='word_1_256' title='bbox 816 3192 874 3231; x_wconf 94' lang='lat' dir='ltr'>non</span> <span class='ocrx_word' id='word_1_257' title='bbox 886 3178 1105 3234; x_wconf 85' lang='lat' dir='ltr'>determinatur</span> 
     </span>
     <span class='ocr_line' id='line_1_39' title="bbox 178 3245 1199 3317; baseline 0.003 -14"><span class='ocrx_word' id='word_1_258' title='bbox 178 3247 216 3303; x_wconf 89' lang='lat' dir='ltr'>ad</span> <span class='ocrx_word' id='word_1_259' title='bbox 239 3245 443 3316; x_wconf 82' lang='lat' dir='ltr'>existendum3</span> <span class='ocrx_word' id='word_1_260' title='bbox 464 3260 536 3315; x_wconf 86' lang='lat' dir='ltr'>ergo</span> <span class='ocrx_word' id='word_1_261' title='bbox 564 3249 730 3303; x_wconf 86' lang='lat' dir='ltr'>extrinseca</span> <span class='ocrx_word' id='word_1_262' title='bbox 753 3251 820 3317; x_wconf 87' lang='lat' dir='ltr'>eget</span> <span class='ocrx_word' id='word_1_263' title='bbox 845 3247 1102 3305; x_wconf 86' lang='lat' dir='ltr'>determinatione.</span> <span class='ocrx_word' id='word_1_264' title='bbox 1141 3251 1199 3306; x_wconf 88' lang='grc'>254</span> 
     </span>
     <span class='ocr_line' id='line_1_40' title="bbox 214 3316 1105 3391; baseline 0.004 -20"><span class='ocrx_word' id='word_1_265' title='bbox 214 3316 277 3371; x_wconf 81' lang='lat' dir='ltr'>Set.</span> <span class='ocrx_word' id='word_1_266' title='bbox 293 3316 474 3385; x_wconf 82' lang='lat' dir='ltr'>contingens</span> <span class='ocrx_word' id='word_1_267' title='bbox 493 3319 560 3370; x_wconf 89' lang='lat' dir='ltr'>actu</span> <span class='ocrx_word' id='word_1_268' title='bbox 575 3319 706 3372; x_wconf 83' lang='lat' dir='ltr'>existens</span> <span class='ocrx_word' id='word_1_269' title='bbox 717 3319 841 3373; x_wconf 90' lang='lat' dir='ltr'>interire</span> <span class='ocrx_word' id='word_1_270' title='bbox 854 3321 953 3389; x_wconf 90' lang='lat' dir='ltr'>potest</span> <span class='ocrx_word' id='word_1_271' title='bbox 968 3321 1031 3374; x_wconf 82' lang='lat' dir='ltr'>sive</span> <span class='ocrx_word' id='word_1_272' title='bbox 1044 3332 1105 3391; x_wconf 69' lang='lat' dir='ltr'>vper</span> 
     </span>
     <span class='ocr_line' id='line_1_41' title="bbox 178 3386 1199 3456; baseline 0.005 -14"><span class='ocrx_word' id='word_1_273' title='bbox 178 3387 398 3456; x_wconf 87' lang='lat' dir='ltr'>corruptionem</span> <span class='ocrx_word' id='word_1_274' title='bbox 413 3386 476 3441; x_wconf 84' lang='lat' dir='ltr'>sive</span> <span class='ocrx_word' id='word_1_275' title='bbox 486 3401 539 3455; x_wconf 88' lang='lat' dir='ltr'>per</span> <span class='ocrx_word' id='word_1_276' title='bbox 553 3388 804 3445; x_wconf 87' lang='lat' dir='ltr'>annihilationem.</span> <span class='ocrx_word' id='word_1_277' title='bbox 1140 3390 1199 3447; x_wconf 83' lang='grc'>254</span> 
     </span>
     <span class='ocr_line' id='line_1_42' title="bbox 213 3456 1104 3529; baseline 0.004 -18"><span class='ocrx_word' id='word_1_278' title='bbox 213 3460 333 3512; x_wconf 82' lang='lat' dir='ltr'>Tussm.</span> <span class='ocrx_word' id='word_1_279' title='bbox 345 3456 539 3523; x_wconf 83' lang='lat' dir='ltr'>lll.Ouodtthct</span> <span class='ocrx_word' id='word_1_280' title='bbox 549 3465 705 3527; x_wconf 77' lang='lat' dir='ltr'>cnsprater</span> <span class='ocrx_word' id='word_1_281' title='bbox 718 3458 817 3525; x_wconf 83' lang='lat' dir='ltr'>Deum,</span> <span class='ocrx_word' id='word_1_282' title='bbox 833 3464 872 3513; x_wconf 86' lang='lat' dir='ltr'>est</span> <span class='ocrx_word' id='word_1_283' title='bbox 886 3463 927 3514; x_wconf 85' lang='lat' dir='ltr'>oct</span> <span class='ocrx_word' id='word_1_284' title='bbox 942 3464 1104 3529; x_wconf 75' lang='lat' dir='ltr'>contingens</span> 
     </span>
     <span class='ocr_line' id='line_1_43' title="bbox 179 3530 1103 3597; baseline 0.005 -15"><span class='ocrx_word' id='word_1_285' title='bbox 179 3531 220 3582; x_wconf 87' lang='lat' dir='ltr'>oct</span> <span class='ocrx_word' id='word_1_286' title='bbox 244 3530 430 3581; x_wconf 81' lang='lat' dir='ltr'>necessarium</span> <span class='ocrx_word' id='word_1_287' title='bbox 452 3531 608 3581; x_wconf 81' lang='lat' dir='ltr'>necessitate</span> <span class='ocrx_word' id='word_1_288' title='bbox 626 3532 779 3584; x_wconf 80' lang='lat' dir='ltr'>secuudum</span> <span class='ocrx_word' id='word_1_289' title='bbox 801 3532 876 3597; x_wconf 82' lang='lat' dir='ltr'>quid.</span> <span class='ocrx_word' id='word_1_290' title='bbox 904 3532 930 3586; x_wconf 80' lang='lat' dir='ltr'>i⁰</span> <span class='ocrx_word' id='word_1_291' title='bbox 951 3532 1016 3587; x_wconf 87' lang='lat' dir='ltr'>Nou</span> <span class='ocrx_word' id='word_1_292' title='bbox 1054 3535 1103 3587; x_wconf 83' lang='lat' dir='ltr'>est</span> 
     </span>
     <span class='ocr_line' id='line_1_44' title="bbox 179 3596 1104 3673; baseline 0.005 -20"><span class='ocrx_word' id='word_1_293' title='bbox 179 3596 517 3653; x_wconf 87' lang='lat' dir='ltr'>absolutenecessarium</span> <span class='ocrx_word' id='word_1_294' title='bbox 527 3598 666 3667; x_wconf 75' lang='grc' dir='ltr'>(ΤΙ].·Ι).2ο</span> <span class='ocrx_word' id='word_1_295' title='bbox 681 3602 740 3655; x_wconf 89' lang='lat' dir='ltr'>Res</span> <span class='ocrx_word' id='word_1_296' title='bbox 754 3600 962 3671; x_wconf 85' lang='lat' dir='ltr'>contingentes</span> <span class='ocrx_word' id='word_1_297' title='bbox 977 3604 1104 3673; x_wconf 88' lang='lat' dir='ltr'>possunt</span> 
     </span>
     <span class='ocr_line' id='line_1_45' title="bbox 180 3666 1194 3743; baseline 0.009 -21"><span class='ocrx_word' id='word_1_298' title='bbox 180 3666 239 3722; x_wconf 89' lang='lat' dir='ltr'>dici</span> <span class='ocrx_word' id='word_1_299' title='bbox 252 3667 426 3722; x_wconf 85' lang='lat' dir='ltr'>necessariae</span> <span class='ocrx_word' id='word_1_300' title='bbox 438 3671 591 3723; x_wconf 87' lang='lat' dir='ltr'>secundum</span> <span class='ocrx_word' id='word_1_301' title='bbox 604 3670 682 3741; x_wconf 81' lang='lat' dir='ltr'>quid,</span> <span class='ocrx_word' id='word_1_302' title='bbox 699 3670 803 3727; x_wconf 90' lang='lat' dir='ltr'>saltem</span> <span class='ocrx_word' id='word_1_303' title='bbox 817 3671 915 3743; x_wconf 81' lang='lat' dir='ltr'>quoad</span> <span class='ocrx_word' id='word_1_304' title='bbox 930 3674 1099 3729; x_wconf 88' lang='lat' dir='ltr'>essentiam.</span> <span class='ocrx_word' id='word_1_305' title='bbox 1137 3674 1194 3731; x_wconf 86' lang='grc'>255</span> 
     </span>
    </p>
   </div>
   <div class='ocr_carea' id='block_1_6' title="bbox 0 0 1330 4242">
    <p class='ocr_par' dir='ltr' id='par_1_19' title="bbox 0 0 1330 4242">
     <span class='ocr_line' id='line_1_46' title="bbox 0 0 1330 4242; baseline 0 0"><span class='ocrx_word' id='word_1_306' title='bbox 0 0 1330 4242; x_wconf 95' lang='lat' dir='ltr'> </span> 
     </span>
    </p>
   </div>
  </div>
 </body>
</html>
