2650 4242
337 286 535 333 urrirnxsrci
556 289 639 344 oum,
657 287 715 333 sun
738 285 918 331 orroiocm.
1071 266 1134 331 229

243 432 274 481 Π.
289 430 420 497 Principia
432 447 463 481 ex
478 438 602 498 conceptu
614 447 698 482 causae
711 430 844 482 efficientis
856 430 1023 482 manentia.

159 554 230 617 399.
247 590 285 599 -
299 554 498 633 Principium
523 557 732 629 causalitatis,
760 558 865 617 omnis
888 556 1017 630 effectes
1038 555 1133 618 dedet

116 650 265 706 causam,
283 637 428 714 exsurgit
443 651 484 696 ex
500 636 578 714 ipsis
590 636 804 713 conceptibus
816 652 920 697 causae
936 641 969 695 et
980 635 1131 699 effectus,

116 714 214 776 Unde
234 714 392 791 principia
416 714 563 777 derivata
588 719 714 777 tantum
738 722 814 776 sunt
836 713 1076 776 consideranda
1100 719 1133 777 et

119 794 339 871 explicanda:
366 800 479 857 Omnes
504 797 715 871 perfectiones
743 796 870 869 effectus
897 796 1009 870 otique
1036 797 1132 857 modo

114 877 386 951 pracontr'nentur
398 876 431 935 frr
446 891 546 935 causo
559 876 745 951 adaquata3
757 890 846 945 nam,
857 879 894 935 ut
906 872 970 935 fert
985 873 1130 945 effatum,

120 970 214 1015 nemo
229 956 285 1014 dot
298 956 385 1029 quod
395 971 459 1015 rrorr
472 956 576 1015 dedet.
593 956 673 1017 Hinc
689 956 834 1032 exsurgit
847 952 966 1016 veritas
981 952 1091 1033 adagii
1121 972 1128 1013 :

120 1049 214 1093 omae
228 1049 326 1109 aperte
340 1035 408 1108 opit
421 1035 484 1094 eidi
496 1034 611 1095 simite.
933 1079 938 1091 „

159 1110 315 1173 perfectio
331 1112 469 1193 alicujus
485 1113 620 1175 effectus
634 1114 803 1190 tripliciter
815 1114 848 1173 in
864 1128 961 1174 cerua
983 1124 1130 1190 praecon·

119 1193 216 1254 tineri
231 1195 340 1268 potest
355 1211 362 1251 :

161 1273 191 1333 l⁰
206 1271 411 1342 normaliter,
428 1271 560 1350 quando
575 1270 797 1351 perfectiones
812 1272 948 1335 effectus
974 1276 1007 1333 et
1026 1286 1131 1333 causa

121 1356 199 1413 suut
214 1350 364 1429 ejusdem
379 1352 503 1427 speciei
521 1372 528 1413 :
544 1369 574 1413 v.
591 1369 624 1431 g.
641 1352 698 1413 lux
711 1354 744 1413 ln
757 1354 846 1431 igne.

158 1432 192 1492 2⁰
205 1434 397 1502 eminenter,
415 1447 488 1492 cum
503 1448 606 1493 causae
622 1430 841 1509 perfectiones
865 1436 941 1492 sunt
964 1430 1131 1491 nobilioris

119 1510 240 1571 ordinis
255 1527 352 1589 quem
367 1509 587 1586 perfectiones
610 1513 742 1573 effectui
766 1512 1006 1573 communicate
1024 1530 1031 1570 :
1047 1526 1078 1571 v.
1094 1525 1128 1589 g.

118 1590 280 1666 sapientia
295 1590 402 1651 divina
416 1592 595 1668 quamlibet
609 1592 799 1669 sapientiam
816 1595 955 1653 creatam
981 1591 1130 1650 eminen-

118 1675 169 1730 ter
177 1671 399 1746 praecontinet.
1023 1703 1030 1729 t

159 1750 191 1811 3⁰
209 1750 406 1821 virtualiter,
423 1749 556 1828 quando
578 1766 683 1811 cause
697 1750 842 1813 activitas
865 1753 975 1827 potest
998 1748 1131 1810 effectui

118 1825 268 1890 conferre
284 1827 515 1906 perfectionem
531 1830 650 1893 diversi
664 1831 807 1909 generis.
826 1830 876 1891 Sic
891 1826 1006 1891 artifex
1020 1830 1130 1906 operis

119 1907 212 1987 quod
226 1907 304 1970 fecit
317 1906 550 1986 perfectionem
564 1910 719 1974 continet.

157 1988 282 2049 Exinde
297 1993 387 2065 petet
401 1989 619 2051 diversitatem
636 1991 813 2053 effectuum
836 2004 904 2050 non
928 2004 1060 2066 semper
1074 2003 1126 2049 er-

116 2084 223 2147 guere
239 2068 457 2131 diversitatem
468 2087 649 2144 causarum,
668 2087 739 2145 rum
756 2083 821 2130 una
836 2067 1020 2145 eademque
1032 2084 1132 2131 causa

116 2147 267 2223 pluribus
277 2150 380 2225 possit
390 2148 510 2217 viribus
520 2151 658 2227 pollere;
676 2149 737 2212 sed
752 2151 854 2211 ortuis
868 2148 996 2222 effectus
1009 2148 1129 2210 sudeu-

117 2228 165 2289 dit
179 2244 327 2298 causare,-
340 2244 436 2303 porro
453 2230 614 2309 quidquid
633 2229 670 2291 fit
693 2234 744 2292 est
767 2228 915 2301 effectus,
932 2242 970 2288 ac
989 2227 1130 2303 proinde

117 2306 220 2368 habet
234 2321 375 2369 causam.
444 2310 448 2316 ’

159 2387 230 2449 400.
246 2421 282 2429 -
298 2388 369 2447 Duo
386 2388 482 2449 effata
496 2406 515 2450 a
530 2387 735 2450 Scholasticis
748 2401 972 2464 sepenumero
987 2402 1130 2465 usurpa-

118 2471 151 2528 ta
164 2466 305 2527 breviter
320 2469 476 2543 explicari
492 2468 614 2531 debent
630 2490 637 2531 ε

160 2547 181 2607 l.
195 2548 405 2621 Praeceptum.
421 2550 532 2610 diodus
546 2550 706 2626 operandt
716 2546 861 2623 sequitur
874 2547 1008 2607 modum
1026 2560 1127 2607 essert-

118 2626 166 2697 dr‘,
182 2624 356 2689 dummodo
373 2628 404 2687 1⁰
418 2642 484 2690 non
499 2635 614 2707 agatur
629 2628 670 2689 de
686 2623 932 2704 operationibus
959 2625 1083 2697 llberls,
1097 2626 1130 2687 2⁰

117 2706 163 2765 ita
177 2706 375 2785 intelligatur
388 2711 424 2767 ut
438 2707 620 2772 modificato
635 2710 830 2769 intrinsecus
844 2703 1029 2766 immediato
1048 2720 1127 2782 ope·

118 2784 212 2845 randi
223 2787 392 2863 principio,
409 2788 499 2863 quod
513 2793 564 2850 est
578 2791 736 2860 oetr'er'ios,
751 2790 821 2864 ipsa
836 2785 970 2863 quoque
982 2783 1128 2861 operatio

118 2863 296 2926 modificari
306 2864 438 2928 debeat.

159 2945 195 3005 ll.
212 2946 422 3020 Principium.
440 2950 548 3008 Conso
566 2951 727 3008 causaest
742 2959 841 3007 causa
864 2943 999 3003 causati.
1016 2942 1131 3022 Agitur

118 3022 161 3083 de
177 3040 276 3085 causa
290 3040 360 3101 que
375 3024 508 3086 alteram
531 3042 597 3089 non
622 3024 719 3086 modo
743 3022 895 3101 producit
909 3038 1052 3095 causam,
1068 3022 1131 3085 sed

117 3104 213 3164 etiem
228 3102 271 3164 ed
286 3105 446 3179 apeedam
461 3104 669 3175 determinat;
688 3120 783 3165 causa
800 3104 885 3165 enim
902 3118 972 3179 qua
994 3102 1130 3169 alteram

115 3182 306 3259 simpliciter
319 3182 527 3258 produceret,
544 3187 622 3264 quin
637 3184 723 3246 illam
739 3183 781 3244 ed
795 3180 961 3260 agendum
976 3181 1130 3245 determi-

115 3265 185 3334 net,
200 3278 267 3324 non
281 3267 394 3338 posset
408 3266 522 3326 stricte
539 3266 603 3328 diei
617 3279 716 3327 causa
731 3263 919 3325 effectuum.
936 3261 972 3321 V.
989 3277 1023 3341 g.
1042 3282 1049 3321 :
1066 3264 1128 3324 Pa·

117 3344 169 3402 ter
183 3347 313 3404 nonest
327 3358 423 3403 causa
440 3346 606 3407 eriminum
621 3344 692 3419 filii;
709 3342 769 3405 sed
784 3340 912 3410 artifex,
930 3342 987 3417 qui
1006 3342 1128 3404 machi·

115 3436 204 3496 nem,
222 3421 419 3499 quemfecit,
436 3423 479 3483 ad
494 3426 577 3487 tales
592 3424 757 3487 exclusive
774 3421 912 3484 effectus
928 3418 1130 3483 determina-

115 3501 173 3567 vit.
191 3505 242 3562 est
255 3518 333 3564 vere
349 3517 445 3564 causa
461 3519 574 3567 eorum
590 3522 661 3583 quae
674 3502 751 3564 feclt
764 3502 831 3563 haec
845 3499 1006 3562 machina.

1302 3494 1307 3631 l
