2650 4242
447 270 537 315 tuosx
559 266 754 316 SYNOPTICUS.

378 438 411 489 11.
426 438 465 489 De
478 436 646 488 essentiarum
659 436 814 503 cognitione.

130 568 243 624 Tnnsts
257 566 277 620 Ι.
293 566 317 619 1·
332 566 412 619 Pars.
428 564 558 617 druentia
571 578 669 617 rerum
684 566 864 617 naturalium
878 578 935 619 non
949 570 1016 619 sunt

95 640 174 693 nolis
185 651 304 706 prorsus
318 637 428 703 lanata,
445 648 514 689 nam
529 633 566 689 de
580 634 660 689 hisce
675 635 763 691 renus
778 634 914 689 notiones
929 634 1020 691 habe·

94 723 162 765 mus
176 708 377 776 immutabiles,
393 718 460 774 quae
474 705 505 759 in
520 704 641 759 dubium
656 706 792 759 revocari
807 709 968 775 nequeunt.
1057 707 1110 763 169

130 781 166 835 11·
180 781 259 833 Pars.
277 778 316 830 At
331 774 477 845 ejusmodi
492 779 624 829 aasentias
647 778 804 844 imperfecte
822 780 1022 849 connascimus,

94 864 165 906 nam
178 864 235 919 ope
250 846 450 918 perceptionis
468 846 626 916 sensibilis,
643 860 709 916 quae
719 850 862 901 essentias
872 848 951 917 ipsas
961 862 1020 903 non

92 912 264 976 immediate
277 918 408 987 attingit,
422 915 499 973 hanc
512 918 691 987 acquirimus
704 917 912 985 cognitionem.
957 931 960 939 ·
1057 920 1111 977 170

131 991 194 1046 San.
210 989 380 1044 Intellectus
394 988 543 1042 essentias
553 987 725 1042 immediate
741 1002 799 1042 non
814 988 944 1059 percipit
958 989 1014 1043 nisi

96 1063 151 1117 sub
165 1061 264 1130 aliqua
277 1059 393 1114 ratione
414 1058 653 1129 indeterminata,
668 1074 696 1113 v.
715 1073 743 1127 g.
761 1062 849 1131 entra,
865 1062 919 1131 rei,
935 1064 991 1114 etc.
1058 1061 1111 1116 170

398 1188 441 1238 111.
456 1189 494 1238 De
507 1186 675 1237 essentiarum
690 1186 800 1236 dotibus.

132 1311 244 1365 Tussis
267 1311 299 1363 II.
323 1308 455 1362 Estenlla
477 1323 575 1361 rerum
588 1314 656 1361 runi
671 1310 864 1382 indivisibiles,
881 1325 950 1367 nam
969 1326 1022 1368 au-

95 1380 160 1450 geri
174 1379 224 1435 rel
238 1379 333 1433 minui
347 1381 499 1448 nequeunt
513 1377 590 1448 quin'
600 1378 804 1435 destruantur.
1057 1382 1109 1440 1711

130 1454 242 1506 Tussts
265 1452 308 1505 ΙΙΙ.
334 1450 464 1503 Essenlia
486 1464 583 1502 rerum
606 1456 673 1504 sunl
694 1452 897 1515 immutabilea;
913 1454 1023 1509 etenim

95 1521 251 1577 simulari
275 1522 407 1590 possent,
428 1532 487 1590 res,
507 1533 582 1586 quas
601 1521 796 1592 constituunt,
817 1536 883 1577 esse
900 1526 1024 1593 possent

96 1592 185 1646 snnui
199 1591 279 1660 quod
294 1593 364 1645 sunt
379 1593 410 1644 et
423 1590 454 1644 id
468 1589 548 1659 quod
562 1605 621 1645 non
636 1595 716 1646 sunt.
1057 1597 1107 1653 171

131 1662 620 1717 71111117.111111111111111
633 1668 750 1732 aterna,
767 1674 834 1717 nam
850 1666 878 1719 1ο
893 1679 910 1717 1
931 1664 1024 1720 ratio·

95 1746 134 1787 ne
148 1734 289 1802 temporis
299 1744 429 1813 prorsus
442 1730 647 1801 praescindunt
661 1748 696 1787 ac
709 1735 739 1786 2⁰
755 1748 772 1787 a
787 1736 845 1788 Deo
855 1734 977 1790 fuerunt
986 1736 1023 1792 ah

95 1804 208 1862 aeterno
222 1806 357 1873 cognitae.
1060 1807 1110 1863 171

441 1917 639 1972 ARTICULUS
654 1918 696 1973 ΙΙΙ.

386 2049 423 2103 De
437 2051 586 2103 existentia
600 2055 625 2103 et
634 2052 828 2118 possibilitate.

133 2192 191 2247 Ens
205 2191 371 2263 generatim
386 2197 536 2261 sumptum
561 2191 706 2248 dividitur
728 2195 759 2249 in
778 2209 831 2249 ens
846 2196 959 2251 inacta
974 2210 1033 2262 seu,

96 2266 225 2334 eaistem,
240 2266 271 2317 et
285 2276 339 2317 ens
353 2262 385 2316 in
398 2264 543 2334 potentia,
561 2276 614 2318 seu
626 2266 763 2332 possibile.
1061 2268 1113 2325 172

384 2399 438 2461 51.
454 2398 495 2451 De
510 2397 677 2452 existentiae
693 2399 822 2455 notione.

134 2526 300 2583 Existentia
314 2528 440 2584 describi
453 2532 554 2600 potest
571 2547 578 2584 ε
595 2531 718 2585 actualis
728 2535 965 2601 reiprasentiain
976 2549 1026 2587 ar·

99 2600 164 2653 dine
175 2600 299 2667 physico.
1062 2606 1115 2663 172

134 2668 297 2725 Sententiae
319 2673 534 2725 enumerantur
556 2671 634 2725 circa
661 2676 800 2729 naturam
828 2674 1026 2731 distinotionis

99 2740 180 2794 inter
194 2741 354 2794 essentiam
369 2743 399 2794 et
413 2741 611 2802 existentiam.
1060 2746 1113 2802 173

136 2807 257 2865 Transis.
273 2812 399 2863 druentia
415 2814 534 2865 actualis
549 2818 573 2866 et
584 2816 722 2879 producta
736 2830 793 2868 non
808 2830 838 2869 re
851 2817 898 2869 sed
916 2819 1027 2871 ratione
1087 2834 1090 2841 ·

99 2884 214 2934 tantum
228 2883 322 2947 differt
336 2882 370 2934 ab
385 2884 541 2938 existentia.
1063 2887 1118 2943 174

136 2952 252 3007 Etenim
267 2950 338 3005 dum
353 2952 483 3007 essentia
497 2955 583 3007 extra
596 2955 706 3009 mentis
720 2959 895 3025 conceptum
909 2957 1024 3015 consti·
1061 2972 1063 2979 ¹

100 3022 207 3093 luitur,
223 3025 292 3076 actu
307 3024 367 3092 est;
384 3037 474 3093 porro
490 3027 558 3079 actu
572 3038 638 3079 esse
652 3028 683 3080 et
696 3026 825 3081 existere
838 3027 916 3083 idem
930 3031 986 3085 est.
1065 3028 1118 3085 171
1166 3080 1170 3087 .

136 3092 227 3147 Sahal.
244 3091 448 3149 Fundamenta
462 3094 609 3163 opinionis
619 3096 847 3153 Themislarum.
1065 3100 1118 3155 175

424 3228 443 3289 ἓ
457 3225 488 3279 11.
505 3227 546 3281 De
560 3228 629 3281 ente
642 3227 785 3296 possibili.

349 3354 369 3403 l.
384 3353 450 3414 Quid
462 3359 489 3405 et
502 3356 638 3421 quotuplex
652 3356 686 3407 sit
699 3358 867 3423 possibilitas!

138 3474 333 3539 Possibilitas,
349 3493 416 3549 quae
430 3482 478 3535 est
493 3484 619 3550 aptitudo
633 3486 672 3539 ad
686 3490 868 3558 retraendum,
883 3486 1030 3545 dividitur

103 3549 134 3603 in
149 3548 299 3603 internam
312 3551 343 3603 11
357 3553 520 3607 externam.
546 3553 729 3612 Possioilitas
752 3562 876 3614 externa
889 3564 1028 3631 respectu

103 3632 262 3675 causarum
276 3620 473 3677 secundarum
487 3625 534 3678 esi
549 3624 598 3681 vel
610 3626 734 3697 physica
747 3630 795 3685 vel
808 3631 940 3688 moralis.
1064 3632 1117 3689 175
