2650 4242
220 236 260 300 64
531 254 714 301 nanvmarmr
734 253 937 298 rnrcosormn

220 369 306 431 circa
320 384 375 431 res
394 369 495 446 ipsas,
512 370 566 430 vel
578 373 763 445 conceptus
780 368 975 446 abjectivos,
994 367 1115 428 dicitur
1143 383 1237 443 eope-

218 449 415 522 rc'meniolc's;
435 451 463 509 si
486 464 565 512 vero
588 453 742 516 versatur
765 451 851 511 circa
867 452 1052 527 conceptus
1066 446 1237 522 formales,

217 536 356 593 vocatur
369 529 556 591 rationalis.

258 610 314 670 llic
329 610 602 687 generalissimus
617 608 761 687 analysis
777 614 959 687 conceptus
974 605 1129 668 facillime
1140 606 1235 667 intel-

217 690 275 768 ligi
289 692 416 768 potesi3
434 688 495 750 sed
511 688 591 750 dum
605 687 719 748 haecin
734 689 831 750 variis
846 687 1120 766 applicationibus
1130 689 1238 746 consi-

219 767 364 840 deratur,
378 773 458 829 tunc
473 785 540 829 non
550 767 634 830 adeo
648 773 768 846 patens
784 772 836 828 est
847 783 1026 847 processus
1038 766 1236 845 analyticus,

218 853 256 910 ut
280 847 354 927 ejus
383 846 744 928 distinctioasynlhesi
772 847 996 911 acutissimam
1020 849 1237 907 allectionem

216 944 285 992 non
314 930 438 1006 exigat.
468 929 583 990 Mirum
610 943 693 1008 ergo
723 942 792 990 non
821 933 872 990 est
897 927 988 1007 quod
1013 927 1153 1000 tirones,
1185 929 1238 1004 qui

217 1009 437 1086 philosophiae
454 1023 590 1086 operam
606 1007 698 1079 dant,
714 1023 947 1084 saepenumero
967 1021 1084 1069 veram
1113 1009 1235 1068 utrius·

220 1104 285 1167 que
300 1087 449 1149 methodi
464 1087 612 1150 indolem
624 1104 694 1148 non
714 1089 856 1164 capiant.

256 1167 308 1232 96.
335 1202 374 1210 -
398 1169 438 1230 Ul
461 1183 515 1228 res
539 1166 706 1240 fiatclara,
724 1171 753 1228 10
769 1183 837 1245 prae
850 1165 955 1228 oculis
970 1180 1105 1242 semper
1123 1165 1238 1226 haheri

140 1318 143 1326 ,
219 1247 322 1310 dehet
350 1252 532 1324 conceptus
552 1249 710 1327 analysis,
728 1263 803 1325 quae
819 1249 854 1307 in
869 1263 907 1307 eo
924 1245 1009 1308 sistit
1036 1248 1073 1305 ut
1102 1246 1239 1319 aliquod

216 1332 317 1389 tolum
338 1330 372 1389 in
388 1343 464 1388 suas
478 1331 591 1405 partes
606 1343 667 1389 seu
683 1327 1018 1396 elementaresolvat;
1031 1325 1064 1384 2⁰
1077 1322 1238 1386 Distincte

215 1407 393 1468 sciendum
412 1411 462 1467 esi
479 1405 559 1485 quid
575 1409 616 1468 sit
632 1412 748 1480 totum,
768 1407 852 1485 quid
866 1421 944 1484 pars
959 1409 993 1466 in
1007 1403 1106 1465 variis
1126 1419 1240 1466 rerum

216 1488 423 1567 generibus:
442 1487 487 1547 sic
503 1489 721 1564 compositum
737 1491 896 1564 respectu
920 1485 1091 1563 simplicis,
1121 1483 1239 1563 singu-

215 1570 285 1630 lare
303 1571 462 1644 respeciu
475 1568 682 1640 universalis,
699 1568 887 1629 universale
902 1569 1059 1643 respectu
1068 1563 1238 1626 universa·
1306 1594 1307 1601 ,

216 1648 318 1721 lioris,
331 1647 447 1708 haberi
472 1647 598 1708 dehent
615 1653 649 1709 ut
664 1651 816 1724 quaedam
836 1651 910 1707 tolo.

258 1727 338 1789 Hinc
351 1743 370 1786 a
385 1726 576 1804 compositis
592 1725 635 1786 ad
649 1727 757 1805 magis
785 1727 955 1803 simplicia,
973 1741 992 1784 a
1012 1721 1240 1800 singularibus

217 1805 260 1868 ad
284 1809 497 1875 universalia,
513 1807 651 1866 aminus
667 1807 908 1867 universalibus
924 1804 967 1864 ad
982 1804 1088 1880 magis
1101 1802 1238 1863 univer-

217 1887 308 1959 salia,
322 1888 361 1948 ah
379 1886 562 1959 effectibus
587 1885 629 1946 ad
650 1892 877 1958 causamme,
900 1882 1120 1962 progreditur.
1144 1881 1238 1942 Com-

216 1967 395 2045 prehensio
421 1969 509 2028 enim
538 1967 706 2044 simplicis,
732 1966 938 2038 universalis,
979 1961 1237 2035 universalioris,

216 2048 322 2107 minor
335 2051 386 2106 est
401 2046 698 2123 comprehensione
716 2047 898 2123 compositi,
916 2043 1104 2123 singularis
1129 2043 1240 2108 minus

216 2127 411 2188 universalis
428 2124 489 2205 (21,
506 2126 556 2200 48,
575 2124 636 2203 49).
657 2126 750 2188 idem
778 2125 958 2188 dicendum
984 2125 1036 2184 est
1055 2122 1098 2184 de
1115 2121 1240 2183 effectu

214 2210 372 2283 respectu
383 2220 584 2277 causae,nam
595 2204 628 2266 in
641 2207 937 2282 comprehensione
945 2201 1090 2264 notionis
1097 2201 1238 2264 effectus

214 2285 410 2366 ingreditur,
428 2290 586 2363 tanquam
600 2302 688 2364 pars,
705 2289 794 2347 notio
816 2300 937 2347 causae.

300 2435 307 2446 »
380 2479 382 2485 Α
470 2411 555 2480 Quid
574 2414 603 2469 et
624 2409 803 2485 quotuplex
823 2411 864 2470 sit
885 2413 983 2471 tolum

254 2526 392 2587 Diversa
405 2524 478 2586 haec
491 2526 560 2585 tota
573 2527 775 2584 revocantur
788 2524 831 2585 ad
845 2540 954 2603 genus
965 2526 1066 2588 totius
1082 2528 1224 2590 actualis

215 2603 276 2666 sed
291 2609 416 2682 praetor
431 2609 539 2667 tolum
555 2604 698 2677 actuale,
729 2603 827 2665 datur
855 2608 954 2666 etiam
984 2610 1089 2668 lotum
1122 2613 1240 2685 poten·

218 2686 304 2748 tiale.
324 2684 401 2746 ideo
423 2682 626 2746 considerari
653 2681 755 2744 dehet
776 2685 954 2746 methodus
982 2688 1147 2768 analytica
1172 2695 1240 2750 res·

216 2771 317 2843 peclu
346 2765 445 2825 tollus
474 2765 609 2825 actualis
638 2768 672 2824 et
693 2767 795 2824 totius
818 2765 917 2844 logici
939 2782 1001 2828 seu
1032 2769 1237 2846 potentialis.

256 2844 306 2906 97.
321 2877 360 2888 -
373 2845 434 2905 Per
448 2848 551 2904 lotum
565 2844 706 2918 actuale,
723 2843 803 2905 illud
817 2843 1008 2921 intelligitur
1031 2851 1118 2924 quod
1138 2866 1238 2911 esseo—
1304 2870 1305 2915 ;

216 2926 294 2984 tiolo
309 2926 520 3000 compositam
533 2923 639 2997 dohet,
657 2928 686 2984 et
700 2930 821 2984 coastat
831 2927 985 3001 partious
999 2935 1074 2989 octo
1085 2920 1236 3005 co'njooc-

217 3005 277 3076 ir‘s;
291 3021 322 3066 v.
338 3019 372 3083 g.
385 3003 496 3064 homo.

260 3084 290 3142 1ο
320 3083 459 3158 Quando
485 3086 599 3161 partes
618 3084 695 3143 sunt
718 3084 856 3144 realiter
870 3081 1036 3147 dIstinctae
1052 3089 1089 3147 et
1103 3104 1238 3166 separa.

217 3164 313 3235 bileS,
332 3161 486 3224 dicuntur
501 3166 614 3239 partes
625 3163 790 3242 physicae,
808 3167 842 3223 et
865 3167 973 3241 ipsum
992 3171 1098 3228 tolum
1119 3168 1240 3230 dicitur

1304 3170 1306 3240 i

218 3250 321 3305 totum
334 3243 522 3319 physicum
536 3257 566 3303 v.
585 3259 619 3322 g.
638 3243 750 3316 homo,
769 3243 864 3322 cujus
890 3249 1005 3322 partes
1028 3252 1106 3309 sunt
1130 3253 1239 3311 anima
1304 3242 1306 3311 ἒ

220 3329 533 3482 θιῐξέιῖιὲξερὴγεῑοω
549 3405 627 3463 sunt
641 3403 696 3464 vel
712 3404 911 3464 essentiales
925 3405 981 3466 vel
994 3407 1179 3485 integrales
1195 3431 1202 3472 :

258 3483 450 3545 Eescoiiolcs
474 3486 550 3543 sunt
567 3497 617 3544 eae
634 3497 710 3560 quae
740 3484 811 3544 tolli
838 3490 1012 3561 nequeunt
1040 3490 1120 3565 quin
1140 3493 1238 3554 lolius

220 3567 403 3638 conceptus
423 3566 552 3642 pereat,
567 3564 652 3624 utin
668 3564 821 3641 exemplo
850 3568 1002 3642 superius
1030 3572 1198 3646 proposito
1229 3591 1236 3630 :
1303 3586 1304 3589 ¹

220 3646 300 3705 tune
317 3643 434 3704 dicitur
448 3646 555 3705 totum
569 3645 745 3706 essentiale,
