2650 4242
160 258 162 261 ·
245 236 302 298 174
559 259 740 306 eanrisatuu
759 261 962 308 rnrtosornus
999 326 1002 329 Ι

242 371 343 432 tentia
356 368 514 432 fundatur
526 372 560 432 in
574 373 684 451 aliqua
699 375 911 438 Scotislarum
927 377 1139 440 distinetione
1156 393 1258 456 quam

241 451 441 592 refellemus?
458 469 497 514 ae
511 452 650 530 proinde
666 453 707 514 de
722 455 783 516 liae
797 462 959 520 sententia
976 459 1057 520 nihil
1073 457 1260 520 dicendum

242 547 275 592 m
291 547 417 606 praesen
432 550 453 591 1.

279 611 312 671 3ὰ
322 613 430 673 Tertia
444 611 565 688 opinio,
584 629 684 689 quam
700 617 790 676 tenet
800 615 930 690 Saurea,
944 623 1019 694 post
1027 615 1260 679 Alexandrum

240 691 415 752 Halensem
432 697 465 752 et
475 694 587 768 plures
598 694 764 768 scotistas,
777 693 918 758 affirmat
929 701 1107 760 essentiam
1120 703 1154 760 et
1175 698 1263 758 exis-

242 771 377 831 tentiam
389 773 528 850 alicujus
544 778 698 834 creaturae
713 775 840 836 ratione
863 780 989 838 tantum
1013 777 1175 856 distingui
1202 776 1214 856 (
1237 777 1258 851 l.

240 851 419 912 Veritatem
441 853 540 930 hujus
564 853 734 916 sententiaa
758 871 1007 934 propugnamus
1030 859 1064 918 in
1088 859 1179 919 thesi
1202 873 1260 918 se-

240 932 355 1008 quenti
372 950 379 992 :

240 1063 310 1125 288.
327 1097 365 1106 —
379 1065 495 1124 Tussis.
512 1069 655 1126 Esseutiu
670 1067 808 1128 uetuutt's
828 1074 857 1128 et
867 1071 1028 1144 producte
1043 1086 1106 1129 uon
1125 1084 1179 1140 re,
1206 1069 1262 1127 sed

427 1147 553 1205 rettmte
566 1151 692 1206 tuntum
705 1147 812 1220 differt
827 1148 868 1208 ud
890 1150 1069 1209 assistentia.

279 1290 372 1349 Noto.
399 1289 428 1348 1⁰
441 1287 512 1347 Non
527 1287 635 1365 agitur
650 1286 692 1348 de
708 1289 908 1364 conceptibus
929 1290 1077 1350 essentiae
1105 1293 1138 1350 et
1171 1288 1261 1350 exis-

240 1367 359 1439 tentiae,
376 1367 432 1444 qui
447 1373 536 1428 certe
551 1373 628 1428 sunt
643 1367 801 1440 distineti3
819 1384 896 1428 nam
911 1367 952 1430 de
969 1370 1110 1431 essentia
1124 1370 1181 1430 rei
1207 1385 1258 1428 eo-

238 1448 345 1526 gitare
360 1463 547 1523 possumus
564 1451 642 1524 quin
659 1448 701 1508 ad
714 1449 786 1526 ejus
802 1451 1009 1511 existentiam
1028 1449 1259 1511 attendamus.

278 1529 310 1588 2⁰
323 1529 473 1588 Essenlia
483 1529 645 1588 abstractu
656 1530 792 1588 realiter
802 1528 1012 1607 distinguitur
1023 1530 1062 1590 ab
1076 1528 1258 1590 existentia

239 1607 370 1676 actuali,
386 1621 518 1666 necnon
533 1607 675 1668 essentia
690 1609 835 1668 existens
850 1609 890 1668 ab
907 1611 1051 1670 essentia
1075 1609 1256 1670 abstracta.

280 1689 311 1748 3⁰
324 1687 439 1764 Agitur
453 1687 495 1747 de
507 1688 643 1748 entitate
659 1689 809 1748 essentiae
822 1687 919 1749 realis
935 1692 968 1749 et
987 1687 1156 1765 productae
1183 1703 1253 1748 res-

203 1822 205 1831 ,
239 1771 338 1842 peetu
353 1767 529 1829 existentiae
545 1767 639 1839 entis,
656 1767 747 1845 quod
761 1768 845 1829 hane
861 1769 1041 1830 essentiam
1054 1769 1185 1829 realem
1200 1767 1254 1826 ha-

239 1847 313 1919 bet;
331 1853 364 1907 et
377 1848 409 1906 in
425 1848 487 1908 hoo
502 1863 604 1908 sensu
619 1848 737 1908 thesim
751 1849 940 1924 probamus.

279 1928 443 1988 Probatur
468 1931 496 1990 l·
514 1944 606 2004 pers.
623 1927 704 1988 Cum
719 1927 862 1989 essentia
877 1931 969 1988 extra
983 1943 1098 1988 causas
1121 1931 1254 1988 suaset

241 2011 333 2067 extra
356 2007 476 2068 mentis
499 2011 697 2083 conceptum
726 2011 943 2081 constituitur,
966 2014 1039 2069 ectu
1065 2013 1120 2067 est.
1151 2009 1252 2083 Atqui

240 2091 317 2148 aotu
332 2103 405 2148 esse
421 2091 454 2148 et
475 2087 616 2148 existere
630 2089 719 2148 idem
742 2093 847 2148 sonat.
874 2089 960 2166 Ergo
987 2086 1131 2148 essentia
1150 2086 1252 2146 realis

238 2180 307 2226 non
322 2173 372 2227 est
384 2166 473 2227 aliud
487 2185 526 2228 ao
541 2167 723 2240 existentia,
740 2184 778 2228 ao
790 2165 929 2244 proinde
943 2181 1011 2228 non
1033 2183 1083 2242 re,
1109 2165 1175 2226 sed
1200 2183 1250 2226 ra-

239 2246 326 2306 tione
343 2249 481 2317 tantum,
498 2249 538 2308 ab
553 2247 624 2322 ipsa
639 2246 861 2326 distinguitur.

277 2326 327 2387 Ad
341 2329 479 2403 majoris
495 2327 745 2404 intelligentiam
768 2325 1097 2388 animadvertendum
1123 2329 1178 2386 est
1201 2342 1251 2387 es·

238 2407 390 2475 sentiam,
408 2407 450 2466 de
466 2424 530 2484 qua
548 2409 667 2484 agitur,
685 2421 759 2468 esse
773 2407 897 2485 aliquid
911 2409 945 2468 in
960 2406 1076 2467 ordine
1097 2406 1249 2485 physico,

240 2502 303 2546 seu
321 2486 504 2546 realitatem
517 2487 688 2564 physicam
703 2491 794 2549 extra
809 2502 924 2547 causas
939 2487 1128 2558 sistentem;
1157 2490 1247 2546 eate-

237 2581 302 2626 nus
317 2569 404 2627 enim
419 2567 527 2627 ditiert
541 2568 582 2627 ab
605 2567 747 2628 essentia
763 2567 926 2635 abstracta
942 2569 974 2627 et
988 2564 1148 2642 possibili,
1167 2582 1247 2643 qua-

238 2651 334 2707 tenus
350 2652 399 2707 est
413 2647 535 2724 aliquid
547 2646 581 2706 in
596 2645 711 2709 ordine
727 2647 876 2726 physico,
893 2645 972 2706 dum
987 2647 1132 2706 essentia
1145 2647 1250 2723 possi-

238 2726 313 2787 bilis
329 2732 378 2786 est
388 2726 466 2788 nihil
481 2729 514 2786 in
535 2727 646 2787 ordine
661 2727 810 2806 physice.

278 2806 386 2882 Atqui,
398 2811 435 2866 ut
444 2805 582 2868 diximus
592 2807 625 2867 in
639 2809 774 2880 minore,
791 2809 868 2868 actu
878 2821 951 2866 esse
964 2808 995 2866 et
1006 2807 1147 2867 existere
1159 2803 1246 2865 idern

239 2892 295 2946 est.
313 2887 439 2948 Etenim
455 2887 631 2948 existentiae
645 2887 778 2946 nomine
791 2886 871 2948 nihil
885 2884 974 2946 aliud
994 2885 1198 2958 intelligitur,
1213 2885 1246 2943 in

239 2967 341 3026 rebus
357 2969 484 3039 creatis,
499 2968 560 3028 nisi
576 2966 609 3026 id
623 2983 684 3042 per
699 2965 788 3044 quod
802 2967 867 3027 istae
882 2982 936 3027 res
958 2970 1071 3025 creatae
1093 2964 1246 3026 desinunt

240 3061 314 3106 esse
330 3047 407 3106 nihil
422 3047 455 3107 in
477 3045 592 3108 ordine
607 3047 757 3126 physico
777 3062 837 3107 seu
861 3060 928 3105 non
953 3045 1154 3104 continentur
1176 3061 1246 3104 ulat-

232 3125 323 3200 ptius
339 3127 372 3186 tu
385 3126 453 3186 soto
468 3131 581 3190 ordine
600 3127 712 3188 ideali.
729 3125 827 3187 Porro
841 3125 909 3186 haec
924 3124 1034 3185 omnia
1049 3123 1247 3185 conveniunt

238 3205 365 3266 entitati
381 3208 529 3268 essentiae
544 3206 651 3267 realis.
668 3208 752 3284 Ergo
770 3205 911 3266 essentia
924 3205 1023 3266 realis
1036 3219 1105 3265 non
1120 3219 1155 3264 re
1180 3202 1246 3262 dis-

240 3287 397 3364 tinguitur
410 3288 450 3347 ah
467 3287 640 3348 existentia
654 3284 708 3365 (2).

267 3422 302 3486 (1)
316 3423 420 3484 Suarez,
434 3424 509 3487 Disp.
523 3424 671 3488 metaphys.
687 3427 707 3472 t.
722 3439 751 3482 11,
765 3421 830 3487 disp.
854 3437 929 3474 xxxi.
947 3421 1012 3474 Vide
1027 3419 1103 3469 etiam
1125 3419 1245 3477 Hortedo,

236 3485 349 3550 Metaph.
364 3484 428 3549 disp.
444 3500 489 3535 vni
502 3501 523 3535 s.
538 3486 625 3548 6;etc.

235 3658 252 3693 ο
269 3579 383 3693 wige
396 3582 428 3631 P.
447 3582 569 3632 Palmieri
583 3582 637 3632 fuse
654 3580 827 3647 disputantem
850 3581 882 3631 de
906 3582 954 3631 heo
977 3577 1146 3638 distinctione,
1162 3577 1246 3630 Oulol.
