2650 4242
466 319 582 362 coelen
603 315 677 364 raas
698 322 718 362 1.
1062 296 1103 356 75

96 447 117 490 a
133 431 313 510 singularia
327 448 516 506 recensere,
530 437 563 493 et
579 437 657 493 tunc
671 431 817 493 inductio
834 430 953 492 dicitur
966 427 1073 505 compl
1091 461 1103 472 -

78 515 118 570 tu
131 532 142 570 :
157 527 189 572 v.
207 528 241 591 g.
257 512 349 582 Galli,
365 513 472 590 Angli,
487 513 565 583 ltaii,
579 513 743 585 Germani,
757 517 862 585 etc...⁴,
876 512 988 571 colunt
998 510 1104 570 scien-

80 592 147 651 tias
164 595 198 652 et
212 597 316 664 artes;
335 607 413 670 erg-0
430 607 546 653 omnes
560 592 675 669 populi
688 594 839 668 Europaei
855 592 967 652 colunt
994 589 1105 649 scien-

80 671 147 730 tias
161 674 197 730 et
211 675 309 732 artes.

124 749 193 810 Sed
208 752 404 827 plerumque
421 750 530 810 omnia
544 749 713 811 individua
727 749 917 828 singillatim
938 747 1103 822 inspicere

81 831 122 889 ot
139 830 282 906 experiri
304 834 354 890 est
373 828 576 906 impossibile
601 849 607 889 :
627 847 691 908 quo
709 846 789 891 casu
803 826 1005 890 antecedens
1021 825 1104 885 mul-

79 911 120 966 tu
134 917 290 970 recenset
304 907 469 981 inferiora,
486 910 546 970 sed
560 925 629 971 non
643 914 764 971 omitto.
779 911 871 970 Tunc
885 905 1031 967 inductio
1054 903 1102 964 di·

83 987 174 1048 citur
200 987 403 1066 incompleta,
428 993 462 1048 et
487 993 597 1049 tamen
620 992 732 1064 potest
755 989 834 1050 dare
859 986 1105 1048 conclusionem

84 1075 213 1128 certam
231 1087 238 1128 :
254 1064 310 1128 lix.
327 1067 481 1144 Corpora,
498 1083 573 1146 quae
598 1068 760 1129 hactenus
785 1066 992 1128 considerata
1015 1066 1105 1133 sunt,

83 1145 148 1208 sibi
165 1147 308 1210 demissa
326 1146 480 1209 deorsum
495 1153 610 1223 ruunt;
629 1163 708 1226 ergo
734 1147 843 1208 omnia
868 1161 1006 1222 corpora
1029 1146 1124 1203 sunt·

83 1228 211 1302 gravia.
230 1226 368 1301 Quando
383 1227 529 1289 inductio
547 1227 603 1289 dat
617 1227 864 1289 conclusionem
880 1229 1014 1296 certam,
1033 1221 1106 1284 dioi-

84 1309 141 1366 tur
150 1307 301 1384 perfectu
315 1329 325 1367 :
340 1307 471 1384 quando
488 1309 695 1385 prohabilem
708 1311 853 1380 tantum,
860 1305 979 1367 dicitur
988 1305 1107 1376 tmper-

82 1383 200 1466 secra(
221 1383 243 1466 i·

390 1499 422 1548 Il.
436 1498 478 1548 An
493 1497 592 1549 differat
604 1515 619 1548 a
633 1497 794 1562 syllogismoi
878 1499 881 1503 ’

130 1651 202 1710 114.’
218 1683 256 1693 ff
273 1648 433 1723 Inductio,
450 1653 486 1710 ut
502 1665 601 1725 supra
617 1645 782 1719 definitur,
799 1664 816 1709 a
833 1647 1024 1728 syllogismo
1045 1639 1106 1704 dif-

84 1726 176 1789 ferre
189 1728 368 1803 videretur,
386 1733 415 1791 1⁰
428 1731 462 1790 in
478 1733 638 1806 quantum
652 1729 864 1808 syllogismus
876 1743 917 1788 ex
930 1718 1109 1787 universali

85 1806 190 1869 infert
203 1810 410 1886 particulare,
429 1807 508 1869 dum
521 1808 669 1876 inductio
690 1825 708 1868 e
729 1805 952 1886 singularibus
975 1804 1017 1866 ad
1038 1803 1108 1863 uni-

86 1889 218 1949 versale
235 1890 392 1967 assurgit3
418 1891 450 1950 2⁰
464 1891 497 1949 in
523 1893 684 1966 quantum
706 1888 918 1967 syllooismus
942 1880 1110 1945 concludit

88 1983 167 2028 cum
182 1968 292 2031 medio
310 1969 437 2030 diverso
454 1985 471 2028 a
490 1967 627 2028 termino
643 1968 772 2038 minori,
786 1937 866 2027 dum
875 1963 1035 2035 inductio,
1048 1963 1109 2023 sal·

90 2053 161 2108 tem
177 2047 353 2122 completa,
369 2049 439 2119 sine
454 2047 520 2108 ullo
535 2047 646 2108 medio
664 2045 888 2107 concluderet.

131 2126 199 2187 Sed
215 2126 257 2188 ad
274 2129 324 2188 1⁸¹1¹
340 2127 516 2190 discrimen
532 2125 621 2204 quod
637 2131 776 2202 spectat,
792 2124 873 2186 illud
898 2140 934 2185 se
961 2124 1054 2184 tenet
1068 2135 1110 2180 ex

88 2211 187 2282 parte
202 2207 361 2280 materiae,
376 2223 442 2268 non
458 2222 500 2266 ex
514 2211 608 2283 parte
620 2205 747 2277 formae,
761 2222 799 2265 ac
811 2201 950 2282 proinde
961 2217 1028 2263 non
1039 2217 1110 2260 mu-

91 2287 345 2346 tatessentiam.
844 2343 848 2351 .

130 2365 182 2425 Ad
196 2366 263 2435 2⁰¹³,
280 2364 425 2426 inductio
442 2378 508 2423 non
524 2379 641 2439 reapse
668 2367 758 2423 caret
780 2361 905 2434 medio,
930 2377 1008 2421 nam
1032 2359 1112 2419 licet

88 2443 242 2506 medium
258 2443 476 2504 concludendi
500 2458 560 2503 seu
583 2444 687 2504 series
700 2440 864 2502 factorum
879 2439 1108 2518 singularium,

88 2526 247 2600 abjectior
261 2522 349 2583 idern
365 2527 406 2585 sit
421 2539 495 2582 cum
510 2523 660 2601 subjecto
678 2521 909 2592 conclusionis,
925 2520 1020 2582 idest
1035 2533 1110 2578 cum

90 2606 230 2664 notione
245 2602 431 2676 universali,
452 2602 606 2664 differunt
622 2608 732 2661 tamen
750 2599 931 2676 formaliter
954 2601 987 2659 in
1010 2594 1110 2657 modo

92 2681 303 2760 exprimendi
317 2683 406 2744 idem
422 2681 603 2760 objectum,
619 2686 653 2742 ul
671 2687 861 2742 concretum
875 2681 916 2740 ab
932 2678 1108 2757 abstractu,

90 2768 130 2822 ut
144 2779 221 2840 pars
236 2779 253 2821 a
270 2765 350 2836 toto,
367 2768 400 2823 et
413 2762 485 2822 haec
497 2761 683 2823 differentia
693 2757 840 2822 formalis
849 2757 969 2820 sufficit
981 2757 1015 2818 in
1028 2770 1111 2834 prae·

90 2841 182 2903 senti
197 2858 285 2902 casu.
374 2861 376 2866 ’

134 2920 229 2983 Unde
243 2919 401 2995 inductio,
418 2922 486 2982 sive
501 2921 542 2980 sit
558 2919 731 2997 completa,
748 2919 816 2980 sive
827 2917 1038 2992 incompleta,
1055 2931 1111 2975 re·

91 3017 174 3062 vera
190 3016 258 3061 non
275 2999 383 3061 diflert
398 3015 415 3059 a
432 2999 622 3078 syllogismo
640 2997 682 3076 (s)
698 3017 706 3058 z
722 2998 760 3058 lit
773 3013 867 3069 sane,

126 3157 161 3220 (lt
174 3154 258 3218 Aliqui
274 3154 445 3206 inductionem
458 3156 534 3204 etiarn
549 3153 666 3202 dividunt
680 3151 707 3200 in
716 3153 892 3216 physicumci
906 3151 1045 3206 morotum,
1058 3143 1113 3198 sex

91 3222 168 3283 purte
177 3222 277 3266 naturae
300 3219 500 3267 henamenorum
515 3222 540 3266 et
553 3216 638 3279 legum
651 3229 708 3278 quae
721 3229 752 3261 ex
766 3227 854 3262 eorum
865 3211 1042 3263 observatione
1057 3225 1113 3259 eru·

91 3287 175 3330 untur
191 3295 217 3340 »3
233 3233 344 3328 sediiaec
359 3278 449 3328 divisio
462 3279 541 3342 petita
555 3293 585 3326 ex
600 3275 699 3340 objecto
712 3274 838 3324 materiali
851 3291 903 3324 non
927 3272 1008 3346 magis
1031 3272 1114 3336 perti-

91 3347 138 3390 net
152 3342 186 3390 ad
199 3355 344 3404 processum
358 3337 522 3400 inductivum,
533 3353 608 3404 quam
622 3336 654 3387 ad
669 3336 840 3399 cognitionem
865 3335 1002 3386 universim
1025 3348 1114 3396 sump-

92 3411 159 3461 tam,
174 3407 200 3452 et
213 3402 269 3452 ideo
284 3401 407 3465 inutiliter
424 3405 541 3465 graveret
556 3406 666 3449 mentem
679 3398 841 3449 discentium.

125 3520 163 3580 (2)
176 3519 251 3568 Juxta
268 3514 442 3578 Aristotelem,
456 3515 589 3566 Albertum
607 3513 648 3562 Ma
687 3528 737 3572 um,
750 3517 810 3571 etc,
825 3513 939 3563 inductio
962 3511 1077 3562 differret
1098 3525 1114 3558 a

93 3580 244 3645 syllogismo
260 3579 284 3627 1⁰
298 3577 397 3627 ratione
420 3577 550 3640 principii
564 3589 572 3622 :
586 3588 647 3622 exer
666 3574 719 3623 itur
732 3589 746 3622 a
760 3574 933 3638 singularibus
957 3589 1003 3622 seu
1025 3573 1058 3620 ab
1082 3569 1114 3620 iis

95 3659 156 3707 quae
169 3645 229 3690 sunt
242 3639 344 3689 notiora
358 3640 438 3700 nobis,
454 3639 513 3687 dum
527 3634 688 3700 syllogismus
708 3636 843 3684 exorditur
864 3636 896 3686 ab
921 3631 1114 3692 universalibus,

95 3718 190 3768 nempe
202 3703 236 3752 ab
249 3701 286 3750 eis
299 3717 356 3766 quae
370 3706 429 3750 sunt
441 3700 542 3750 notiora
556 3699 583 3746 iu
597 3711 636 3756 se;
652 3696 679 3746 2·
692 3695 793 3747 ratione
805 3699 886 3760 modi,
900 3712 950 3762 quo
966 3693 1082 3762 procedit
1107 3709 1115 3743 ι
