2650 4242
468 290 585 338 noctua
605 292 676 338 11113
698 296 729 336 11.
1052 273 1109 339 117

134 411 220 488 Ergo
235 408 436 485 impossibile
449 411 550 469 estut
563 405 688 468 falsitas
703 407 790 468 sitin
807 423 917 470 sensu.

129 517 303 576 Probatur.
319 517 352 576 2⁰
366 515 397 574 Si
422 531 540 575 sensus
555 528 616 573 nos
638 513 846 589 deciperent,
869 517 957 576 Deus
993 520 1108 578 auctor

93 598 220 659 nature
236 600 325 655 esset
344 594 501 656 mendax.
517 595 616 672 Atqui
630 592 752 652 falsum
778 611 1000 674 consequens.
1021 597 1106 676 ltrgo

94 680 129 735 et
150 674 366 735 antecedens.
563 706 566 710 ·
709 699 712 704 ·
762 717 766 725 -
900 683 902 688 '
1038 707 1041 714 ·

134 755 298 815 Probatur
321 756 441 830 major.
466 754 554 832 Deus
575 767 693 814 sensus
708 753 804 814 nobis
832 753 924 816 dedit
952 758 1109 832 tanquam

93 833 194 894 unica
210 833 316 894 media
331 833 555 911 cognoscendi
569 834 700 908 objecta
716 835 897 904 exteriora;
921 835 999 896 nihil
1021 837 1108 896 enim

94 913 186 976 aliud
201 919 279 974 sunt
293 930 391 990 quam
407 912 578 974 facultates
593 911 797 989 percipiendi
809 930 947 990 corpora
974 923 1000 975 as
1013 915 1108 978 nobis

96 993 262 1056 distincta.
278 995 374 1071 Atqui
396 998 423 1053 si
437 1009 556 1054 sensus
571 991 615 1052 ad
630 993 717 1052 hunc
737 991 835 1054 linem
854 1000 966 1055 essent
993 994 1116 1072 inepti„
1156 1067 1159 1074 ,

93 1089 159 1135 seu
179 1088 297 1150 reapse
319 1073 448 1152 objecta
464 1075 624 1134 exteriora
639 1088 706 1133 non
721 1075 933 1152 attingerent,
958 1073 1022 1138 dici
1041 1092 1114 1136 non·

93 1159 234 1229 possent
252 1151 361 1213 media
389 1153 613 1231 cognoscendi
635 1155 797 1213 exteriora
819 1153 961 1232 objecta.
990 1156 1110 1234 nrgoa

94 1234 181 1304 Deo,
197 1236 332 1293 auctore
347 1241 480 1303 natura,
498 1233 656 1294 darentur
670 1249 729 1308 pro
751 1249 790 1294 eo
807 1232 896 1309 quiid
924 1250 990 1295 non
1019 1239 1108 1307 sunt,

94 1327 135 1372 ao
151 1311 291 1389 proinde
305 1313 394 1373 Deus
416 1318 505 1375 esset
519 1319 576 1374 aut
590 1311 733 1373 mendax
752 1317 809 1374 aut
835 1314 940 1390 impar
960 1330 1019 1374 suo
1035 1331 1116 1384 mu·:

92 1394 169 1454 neri
184 1393 351 1452 creatoris,

135 1470 351 1532 Confirmatur
360 1473 391 1532 3⁰
401 1489 442 1532 ex
454 1487 493 1532 eo
502 1471 592 1550 quod
601 1469 752 1550 homines
766 1472 845 1534 nihil
855 1475 975 1534 certius
987 1471 1108 1534 liabent

92 1568 195 1630 quarn
219 1552 308 1630 quod
323 1552 475 1612 sensibus
489 1554 557 1613 suis
567 1553 809 1628 usurpaverint.
1113 1607 1114 1611 ,

137 1631 207 1692 186.
244 1664 282 1673 -
328 1632 561 1693 corottortom.
591 1633 637 1692 Ex
668 1631 852 1692 enucleatis
882 1631 1108 1693 concludimus

92 1716 211 1784 contra
247 1708 415 1772 ldealistas
455 1713 522 1788 qui,
557 1712 753 1790 objicientes
788 1710 996 1772 sensationes
1034 1711 1115 1774 esso-

92 1805 190 1852 mere
212 1791 410 1869 subjectivae
424 1791 577 1869 adeoque
592 1808 692 1868 puras
706 1791 886 1861 illusiones,
903 1795 1029 1870 negant
1042 1793 1115 1855 ulla.

93 1886 171 1931 esse
194 1886 342 1946 corpora,
363 1870 423 1931 sed
439 1870 602 1932 affirmant
630 1887 803 1948 corporum
825 1873 952 1947 species
982 1875 1108 1932 tantum

91 1950 274 2011 obversari.
288 1950 384 2025 Quid,
398 1951 431 2010 in
446 1967 562 2011 eorum
572 1967 685 2022 sensu,
697 1951 806 2011 veniat
816 1966 876 2025 per
888 1951 1084 2027 hasspecies
1096 1953 1115 2012 1,

91 2030 167 2108 Non
176 2031 387 2090 consentiunt
401 2031 499 2093 etiam
512 2030 668 2092 ldeaiistae
680 2031 864 2106 dogmatici.
880 2031 1009 2108 Duplex
1021 2033 1115 2100 enims

91 2108 299 2174 idealismus.
314 2111 396 2170 alius
409 2111 574 2186 scepticae,
592 2110 634 2171 de
656 2126 721 2187 quo
737 2115 864 2187 postea,
878 2108 956 2170 durn
971 2127 1115 2188 agemus

93 2187 137 2248 de
154 2190 361 2264 scepticisrno
375 2209 383 2264 ;
399 2191 482 2250 alter
496 2191 707 2265 dogmaticus,
725 2191 780 2266 qui
796 2190 893 2252 etiam
909 2189 1031 2266 duplex
1047 2197 1111 2255 est,

92 2270 186 2330 Unus
209 2267 328 2329 dicitur
342 2271 535 2344 subjectivae
549 2271 605 2347 qui
629 2267 769 2330 affirmat
792 2286 965 2346 corporum
989 2287 1116 2346 repraes

90 2349 355 2410 sentationesab
375 2350 445 2426 ipsa
467 2353 579 2409 mente
604 2347 744 2426 produci
768 2369 774 2409 :
804 2349 847 2410 ita
877 2349 996 2410 Fichte.
1019 2351 1110 2411 Alter

91 2427 301 2498 idealismus,
321 2429 376 2505 qui
411 2434 622 2505 nuncupatur
649 2430 833 2505 objectibus,
868 2433 961 2505 putat
981 2429 1109 2505 phaeno-

91 2523 194 2566 mena
211 2523 384 2585 corporum
399 2525 418 2569 a
432 2510 500 2569 Deo
517 2510 588 2586 ipso
600 2509 737 2584 produci
753 2506 786 2568 in
802 2505 908 2568 aiiima
926 2528 933 2569 :
951 2509 1107 2570 defensor

91 2586 366 2663 huJusidealismi
384 2585 446 2649 fuit
468 2589 643 2667 Berkeley,
674 2591 749 2664 post
777 2587 1050 2650 llalebranchium
1077 2593 1117 2654 et:

92 2665 288 2727 Cartesium.
311 2670 512 2747 Argumenta
533 2667 686 2729 secundae
704 2667 803 2728 thesis
817 2669 882 2727 vim
893 2668 1016 2729 habent
1033 2685 1108 2730 con·

92 2750 143 2806 tra
165 2751 355 2826 utrumque,
370 2746 425 2825 qul
441 2749 539 2808 etiam
553 2749 704 2825 impingit
718 2749 750 2806 in
764 2745 974 2809 manifestum
987 2749 1108 2817 ⁴absur-

93 2824 177 2886 dum
201 2828 313 2903 :prior
328 2831 484 2904 supponit
506 2828 596 2904 quod
610 2829 916 2904 repraesentationes
936 2829 1110 2890 sensibiles

91 2910 236 2983 possunt
257 2906 395 2982 produci
424 2913 458 2967 et
484 2909 662 2967 sustentari
687 2923 705 2966 a
726 2907 886 2983 principio
909 2909 1108 2987 merespiri-

93 2986 187 3053 iuuit,
221 2985 347 3064 absque
375 3003 537 3048 concursu
565 2987 688 3065 objecti
721 2987 913 3060 materialis;
945 2989 1110 3064 posterior

92 3065 270 3126 arbitratur
296 3069 402 3126 Deum
425 3064 586 3128 constanti
601 3068 677 3143 lege
697 3065 880 3144 producere
895 3073 1109 3144 repraesenta-

92 3147 203 3208 tiones
217 3147 402 3216 sensibiles
419 3146 676 3224 quibusnullum
690 3147 911 3222 responderet
926 3148 1106 3225 objectum,

92 3228 129 3301 et
148 3227 197 3285 sic
209 3224 352 3286 reddere
372 3243 519 3287 errorem
540 3227 777 3287 necessarium.
803 3228 842 3286 At
866 3227 908 3288 de
934 3225 1108 3288 idealismo

91 3305 314 3380 opportunius
335 3307 368 3366 in
395 3306 609 3383 psychologla
633 3321 784 3383 agemus
816 3321 890 3365 curn
915 3305 969 3367 hic
992 3318 1110 3386 agatur

92 3387 224 3445 tantum
239 3383 291 3446 de<
301 3386 481 3447 veracitate
496 3401 656 3446 sensuum
