2650 4242
150 281 155 291 ,
227 243 290 303 tau
534 257 714 302 aaevrxmnu
736 257 940 302 orireosoomar

231 373 401 454 tingantia,
417 391 455 433 ac
470 373 610 452 proinde
626 389 740 433 eorum
757 375 892 434 materia
917 377 968 434 est
993 374 1242 447 contingenset

229 455 402 592 mutabilis.
419 455 496 514 ilinc
507 452 632 531 judicia
649 453 720 528 ipsa
738 458 814 514 sunt
829 456 1043 529 coutinpentr'u
1057 461 1086 514 et
1095 458 1242 530 partiens

243 550 330 594 erae.

269 615 435 674 veracitas
450 611 638 694 inteJleotus
657 611 875 672 demonstrari
901 611 1000 674 debet
1024 612 1136 690 quoad
1160 614 1245 675 hunc

229 693 397 771 duplicem
411 697 534 764 actum,
551 707 651 769 quem
668 697 812 753 exercet.

230 792 298 853 192.
316 821 352 830 -—
367 791 474 849 Tarsis
491 790 512 848 l.
532 787 720 855 Intellectus,
738 790 816 848 doru
830 789 992 863 siruplices
1005 789 1157 862 efformet
1172 807 1248 853 corr-

268 879 385 946 emtus,
397 884 456 945 per
473 887 506 930 se
521 885 584 928 non
599 873 642 926 est
655 867 801 943 falsitati
813 869 971 931 oirrooeius
985 868 1079 948 (159).

268 968 440 1028 Probatur.
460 966 645 1027 intellectus
670 971 757 1025 esset
780 965 911 1028 falsitati
931 966 1104 1033 obnoxius,
1120 967 1150 1027 si
1166 985 1247 1029 con-

228 1051 345 1123 ceptus
370 1062 469 1123 quem
495 1045 655 1112 efformet,
682 1047 812 1120 proprio
838 1044 969 1121 objecto
995 1047 1154 1107 absimilis
1171 1065 1244 1109 esse

228 1130 352 1203 posset.
369 1127 465 1203 Atqui
481 1125 513 1186 id
528 1123 600 1185 sine
615 1123 818 1188 absurditate
839 1124 990 1186 affirmari
1015 1130 1142 1204 nequit.
1160 1129 1243 1207 Ergo

226 1207 367 1282 simplex
381 1206 567 1266 intellectus
583 1205 802 1281 apprehensio
819 1223 880 1282 per
893 1222 930 1266 se
944 1203 1048 1267 saisita
1055 1211 1120 1268 tem
1135 1207 1170 1268 in
1194 1210 1241 1268 irr-

228 1287 396 1347 telleetum
409 1285 569 1347 inducere
583 1285 709 1360 nequit.

265 1366 368 1444 Major
384 1370 433 1425 est
447 1381 506 1441 per
521 1381 557 1424 se
573 1363 720 1425 evidens

265 1447 429 1507 Probatur
446 1449 564 1506 rnc‘nor.
582 1445 769 1504 intellectus
794 1443 945 1521 exprimit
958 1444 990 1504 in
1007 1461 1042 1505 se
1058 1446 1242 1510 similitudi—

225 1541 305 1597 nem
331 1524 454 1601 ohjecti
478 1523 568 1602 quod
592 1522 742 1599 percipit,
760 1524 809 1582 vel
826 1540 903 1585 non.
920 1525 1029 1602 Atqui,
1046 1527 1073 1584 si
1088 1529 1239 1603 primum,

224 1606 314 1665 nulla
330 1603 468 1675 falsitas;
485 1603 722 1672 si'secundum,
734 1601 816 1663 falso
829 1602 1147 1666 dicereturmentem
1162 1607 1239 1668 illud

225 1685 393 1762 objectum
408 1685 592 1760 percipere,
608 1682 773 1761 siquidem
788 1684 959 1759 percipere
971 1685 1139 1761 objectum
1152 1686 1237 1748 idem

226 1769 278 1824 est
300 1781 339 1825 ac
363 1761 443 1823 illud
468 1765 499 1822 in
523 1767 635 1824 mente
656 1765 852 1839 exprimere.
870 1765 953 1842 Ergo
969 1765 1160 1826 intellectus
1174 1783 1237 1827 non

224 1849 334 1920 potest
350 1860 423 1904 esse
438 1841 536 1902 fallax
552 1845 629 1917 quin
645 1843 740 1904 simul
756 1844 914 1920 percipiat
930 1849 963 1904 et
975 1860 1042 1905 non
1066 1848 1234 1922 percipiat.

265 1924 298 1985 Si
313 1923 477 1984 diceretur
492 1923 708 1994 intellectum,
725 1922 803 1982 dum
815 1940 916 1983 unum
937 1924 1106 2002 objectum
1130 1929 1234 2004 perci-

224 2002 284 2077 pit,
301 2004 434 2064 alterius
449 2002 693 2062 similitudinem
710 2003 905 2078 exprimere,
921 2003 984 2064 hoc
1009 2005 1107 2065 eliam
1131 2009 1236 2068 mani-

222 2080 340 2143 festam
354 2083 545 2158 importaret
567 2081 868 2144 contradictionem.
885 2084 965 2142 Nam
989 2086 1162 2160 percipere
1188 2092 1237 2147 est

222 2161 347 2241 aliquid
375 2162 639 2223 intellectualiter
668 2165 863 2236 exprimere,
893 2161 983 2224 unde
1006 2162 1086 2224 illud
1113 2169 1234 2227 tantum

222 2243 412 2319 percipitur,
425 2242 520 2319 quus
532 2240 607 2303 idea
620 2243 822 2317 exprimitur.
836 2243 919 2322 Ergo
930 2244 964 2302 in
976 2241 1051 2304 data
1063 2245 1234 2324 hypothesi

215 2325 399 2399 perciperet
414 2323 502 2396 quod
515 2339 577 2382 nou
586 2323 739 2398 perecprr.

222 2427 291 2495 193.
311 2461 349 2472 -
362 2430 470 2488 Tarsis
485 2428 522 2488 ll.
538 2428 718 2489 Intellectus
737 2430 835 2489 etiarn
859 2430 892 2488 c'n
917 2428 983 2489 suis
1000 2431 1138 2505 judiciis
1157 2431 1238 2506 solli

258 2510 379 2583 nequit.

261 2605 432 2664 Probatur.
451 2605 640 2664 intellectus
654 2607 688 2666 in
699 2603 834 2682 ‚iudiciis
848 2603 1045 2667 immediatis
1062 2610 1151 2666 esset
1172 2604 1233 2666 lal-

218 2683 284 2754 lax,
300 2683 327 2744 si
342 2683 466 2760 aliquid
481 2683 642 2760 proferret
657 2685 747 2760 quud
763 2697 828 2743 non
854 2689 905 2753 est
924 2687 958 2745 in
977 2685 1119 2760 objecto,
1137 2688 1229 2764 Atqui

217 2762 253 2823 id
267 2763 468 2838 impossihile
484 2767 544 2824 est.
562 2766 646 2842 Ergo
662 2765 849 2830 intellectus
860 2764 893 2824 in
904 2763 1038 2841 judiciis
1058 2764 1230 2826 immedia-

218 2845 259 2904 tis
273 2841 479 2916 prolerendis
493 2842 590 2904 fallax
606 2860 680 2904 esse
696 2845 821 2922 nequit.

258 2923 426 2983 ll‘morest
441 2923 610 3000 probanda
625 2923 736 3002 quoad
762 2923 883 3001 duplex
906 2938 1014 3001 genus
1031 2922 1235 3002 judiciorum·

215 3001 495 3064 immediatorum.

263 3082 292 3141 1⁸
306 3084 399 3144 Pers.
416 3081 530 3158 Quoad
541 3082 666 3159 judicia
683 3083 846 3160 analytice
860 3097 921 3142 seu
939 3082 1119 3157 rationalia,
1133 3084 1228 3159 sulsi-

217 3165 271 3219 tas
284 3163 326 3222 esi
343 3163 560 3237 impossibilis.

257 3241 350 3300 Note.
368 3243 402 3302 ln
417 3243 467 3303 his
477 3240 621 3319 judiciis,
637 3245 675 3302 ut
700 3245 795 3300 antea
820 3239 959 3300 diximus
983 3239 1057 3317 (57),
1073 3242 1226 3318 pradica-

218 3321 287 3378 tum
302 3323 354 3380 est
368 3321 409 3381 de
424 3325 550 3384 ratione
565 3321 717 3399 subjecti,
733 3321 849 3382 etideo
863 3321 940 3380 dum
952 3321 1031 3380 illud
1043 3322 1225 3400 subjeetum

216 3399 437 3474 cognoscitur,
455 3403 527 3480 ejus
542 3401 751 3478 predicatum
766 3404 911 3460 mentem
926 3400 1029 3461 latere
1040 3403 1165 3479 nequit.

256 3479 419 3540 Probatur
435 3483 465 3541 1⁶
476 3499 558 3557 pers
571 3483 718 3544 nachoris.
737 3481 806 3540 llaec
816 3478 940 3557 judicia
963 3479 1125 3542 affirmant
1147 3483 1223 3543 sim·

214 3557 345 3632 pliciter
358 3560 568 3637 praedicatum
592 3562 625 3620 io
649 3561 800 3636 subjecto
816 3561 988 3631 contineri,
1004 3577 1064 3622 seu
1086 3577 1161 3623 esse
1183 3563 1223 3624 de

231 3641 343 3700 atione
357 3640 511 3721 subjecti,
525 3659 558 3702 v.
574 3655 607 3718 g.
623 3641 656 3700 in
671 3643 829 3701 axiomatc
847 3657 854 3698 :
871 3645 968 3702 totum
981 3647 1025 3702 est
1044 3643 1154 3718 majus
1165 3659 1227 3704 suo-
