2650 4242
213 238 273 301 228
520 252 699 297 nunvnmun
719 250 921 297 annosorum·

214 384 315 431 causa
327 383 406 429 vere
420 365 590 443 influente,
604 366 676 445 ipsa
691 372 800 427 autem
814 367 892 429 nihil
902 365 1015 441 influit,
1026 378 1066 429 'ac
1083 367 1228 445 proinde

212 465 281 512 uon
296 453 347 510 est
362 463 438 509 vera
453 463 567 520 causa;
582 464 614 508 v.
630 463 664 525 g.
681 444 790 525 fulgor
805 451 855 507 est
869 463 967 509 causa
982 464 1042 525 per
1068 448 1230 510 accidens

7 515 8 518 ¹
214 530 462 600 combustionis
478 526 655 607 dumignis
670 534 720 589 est
734 542 832 587 causa
846 543 968 603 perse.

252 611 285 671 5⁰
298 607 457 669 Dividitur
469 610 504 669 iu
519 606 724 685 adaquatam
739 611 770 667 et
784 610 818 666 ln
832 606 1079 684 inadaequatam.
1101 607 1231 669 Dicitur

213 690 387 764 adaquata
401 703 462 749 seu
475 688 594 758 intotis,
611 685 743 765 quando
767 702 828 763 per
849 702 885 747 se
911 686 1063 748 ellectum
1087 688 1230 749 totalem

212 767 377 846 producit.
407 773 447 828 At
460 770 571 843 potest
585 783 659 827 esse
681 764 786 827 totalis
810 766 965 828 totalitate
990 783 1105 839 consae,
1128 773 1166 828 ut
1193 767 1231 826 in

213 847 291 909 data
307 845 507 920 definitione,
523 846 576 907 vel
590 849 715 907 tantum
729 846 885 907 totalitate
898 846 1035 920 effectus,
1054 844 1132 906 dum
1146 860 1230 907 con-

214 930 315 989 currit
329 944 405 988 cum
419 926 520 987 altera
535 925 576 987 ad
590 930 693 986 totum
704 925 1138 1001 effectum-producendum:
1157 941 1229 1003 quo

215 1023 294 1068 casu
309 1007 480 1067 esttotalis
495 1009 619 1067 ratione
639 1004 775 1066 effectus
796 1009 829 1066 et
843 1006 985 1083 partialis
1003 1005 1128 1067 ratione
1146 1021 1229 1066 cau·

214 1087 360 1147 salitalis.
375 1088 431 1147 list
444 1087 649 1161 inodaqnoto
663 1100 725 1144 seu
743 1085 908 1161 partiatis,
929 1084 1060 1163 quando
1085 1086 1231 1146 aliarum

214 1182 389 1229 causarum
404 1166 565 1227 consortio
580 1164 707 1243 indiget
719 1168 756 1225 ut
766 1180 825 1241 par
835 1165 875 1225 sit
886 1164 1017 1225 effectui
1028 1164 1228 1241 prestando,

252 1246 285 1305 6⁰
300 1245 405 1307 Causa
420 1242 565 1307 efficiens
581 1246 679 1305 ctiam
693 1244 888 1320 dispescitur
901 1247 933 1304 in
948 1248 1166 1305 necessariam
1195 1250 1231 1305 et

99 1342 101 1346 ·
213 1323 362 1398 liberam,
378 1331 485 1402 prout,
501 1323 613 1403 positis
627 1324 780 1385 omnibus
791 1323 838 1384 ad
853 1324 1019 1401 agendum
1043 1324 1228 1403 requisitis

204 1420 282 1465 non
306 1411 415 1481 potest
436 1420 506 1465 non
527 1419 638 1481 agere,
654 1404 709 1465 vel
732 1420 828 1465 secus
847 1421 899 1467 :u
915 1420 949 1482 g.
967 1403 1016 1465 sol
1034 1405 1228 1465 necessario

212 1483 389 1558 illuminat3
416 1483 502 1562 ignis
527 1482 699 1545 calefacit:
726 1483 776 1545 sol
789 1487 942 1560 respectu
965 1483 1228 1553 illuminationis,

212 1563 300 1641 ignis
313 1568 468 1641 respectu
481 1563 714 1624 combustionis
725 1566 801 1624 sunt
812 1578 915 1625 causac
925 1564 1129 1636 necessariam
1147 1578 1229 1624 cau-

212 1658 256 1705 sae
269 1642 378 1704 libera
393 1643 546 1705 dicuntur
560 1643 648 1703 entia
660 1660 730 1720 quae
740 1640 893 1704 facultate
905 1641 1047 1721 eligendi
1056 1641 1225 1705 fruuntur.

253 1724 286 1784 7⁰
300 1723 404 1785 Causa
419 1721 516 1784 etiam
531 1720 683 1785 dividitur
706 1724 740 1783 in
763 1725 932 1783 3111333313
956 1728 989 1783 et
1012 1724 1224 1799 equivocum,

201 1809 312 1879 ‚prout
335 1802 490 1863 effectum
513 1802 667 1879 producit
690 1802 751 1863 sibi
774 1801 911 1863 similem
933 1802 986 1863 vel
1010 1802 1223 1872 dissimilem

216 1897 268 1943 ex.
287 1900 294 1940 ι
311 1884 433 1959 planta,
450 1898 520 1959 quae
532 1884 629 1943 aliam
642 1880 793 1958 producit
807 1883 961 1957 plantam,
979 1889 1028 1942 est
1042 1898 1139 1943 causa
1149 1882 1226 1943 uni-

214 1976 296 2023 voca
309 1962 408 2040 hujus
424 1961 572 2022 eftectus.
588 1962 790 2023 Architectus
802 1963 857 2041 qui
868 1961 1002 2023 domum
1012 1960 1159 2035 aedificat,
1173 1966 1226 2021 est

216 2056 312 2102 causa
329 2040 505 2119 aequivoca.

253 2121 286 2182 8⁰
298 2121 445 2182 Tandem
459 2119 610 2182 dividitur
623 2120 657 2181 in
667 2120 858 2195 proximam
873 2122 906 2180 et
917 2126 1083 2181 remotum.
1101 2121 1157 2181 1113
1172 2125 1225 2181 est

214 2215 285 2277 quae
299 2202 369 2262 sine
383 2199 579 2262 intermedia
594 2216 691 2262 causa
707 2201 740 2259 in
756 2198 910 2271 effectum
925 2198 1043 2272 influit3
1059 2201 1223 2262 laevem

213 2295 285 2357 qua
299 2278 579 2341 intercedentibus
595 2280 701 2340 causis
716 2280 796 2357 agit.
808 2277 911 2340 Causa
922 2278 1026 2341 omnis
1035 2295 1102 2341 non
1111 2286 1225 2357 potest

213 2374 314 2439 agere
328 2361 363 2421 in
375 2358 524 2438 subjecto
538 2361 779 2437 praeexistente,
794 2356 857 2419 nisi
870 2374 931 2435 per
945 2375 980 2420 se
993 2361 1047 2422 vel
1060 2375 1121 2437 per
1131 2360 1225 2420 aliud

213 2440 255 2501 sit
274 2440 337 2515 ipsi
351 2440 498 2516 subjecto
509 2456 674 2514 presens:
689 2453 787 2499 causa
803 2438 891 2499 enim
905 2454 1005 2517 agore
1026 2442 1141 2518 nequit
1163 2440 1225 2501 ubi

212 2534 282 2657 nolu
297 2524 358 2590 est,
373 2534 411 2579 ac
426 2518 565 2595 proinde
580 2518 681 2581 debet
700 2534 774 2579 esse
797 2534 940 2595 praesens
963 2520 1016 2581 vel
1034 2520 1225 2580 immediate

211 2614 253 2662 ve
287 2598 435 2661 mediate.

238 2679 323 2740 1398.
339 2713 378 2723 —-
392 2677 495 2738 Causa
509 2676 698 2741 immediata
722 2676 903 2755 applicatur
926 2676 1072 2755 subjecto
1095 2680 1128 2738 in
1153 2694 1222 2755 quo

213 2759 300 2835 agit:
318 2760 349 2819 10
361 2774 421 2835 per
434 2759 585 2817 unionem
596 2758 774 2833 physicam,
791 2759 828 2816 ut
842 2771 916 2816 oum
931 2760 1038 2819 anima
1051 2757 1085 2816 in
1100 2774 1222 2834 corpus

213 2837 275 2897 sibi
286 2837 499 2916 conjunctum
508 2838 589 2915 agit;
604 2839 637 2898 2⁰
650 2853 711 2913 per
720 2836 969 2911 contipnitotem,
980 2840 1016 2897 ut
1025 2852 1099 2896 cum
1111 2853 1224 2898 ceram

211 2931 314 2977 manu
329 2921 585 2989 contrectamus3
602 2918 634 2981 3⁰
648 2932 708 2994 per
721 2916 930 2989 identitatem,
952 2921 988 2977 ut
1012 2932 1088 2978 cum
1111 2919 1223 2979 anima

211 2996 494 3076 inseipsamagit.

252 3075 393 3138 Mediata
404 3092 507 3138 cause
517 3076 688 3152 applicatio
700 3073 1105 3152 ad-subjeetumlrahetur:
1121 3078 1150 3137 10
1162 3093 1227 3155 per

211 3154 468 3225 instrumentum,
483 3155 529 3217 ita
543 3156 683 3231 scriptor
695 3156 763 3231 agit
778 3154 918 3227 calam03
933 3156 965 3215 2⁰
976 3170 1037 3231 per
1045 3158 1225 3217 emanatio-

211 3250 294 3309 nem,
310 3238 358 3297 utl
371 3233 512 3296 nardum
534 3238 601 3313 agit
624 3235 657 3295 in
682 3234 852 3307 olfactum;
879 3234 910 3293 3⁰
923 3250 984 3311 per
1006 3236 1167 3295 actionem
1191 3238 1226 3296 in

214 3328 347 3376 causam
360 3314 594 3388 immediatam,
611 3319 650 3375 ut·
662 3319 779 3391 corpus
794 3313 925 3375 vibrans
949 3330 1009 3391 per
1032 3329 1143 3375 aerem
1166 3330 1222 3377 so-

211 3405 293 3455 num
305 3392 467 3468 diffunde
482 3391 658 3455 ettandem
672 3393 704 3453 40
713 3410 775 3469 per
783 3394 949 3467 inltnnnm
957 3394 1225 3473 moralem:hlnc

212 3489 329 3537 omnes
343 3489 447 3537 causae
460 3474 602 3537 morales
616 3477 692 3535 sunt
706 3474 804 3534 etiam
819 3482 928 3534 eausa
939 3472 1097 3536 mediata.
