2650 4242
476 262 687 310 coercemus
707 266 728 309 ι.
1075 247 1110 309 ll

91 379 212 442 instrui
227 380 351 442 debent
364 385 547 458 cenceptus
561 378 648 440 Inter
657 395 706 453 se,
720 383 758 439 ut
774 383 866 440 recte
878 377 1109 456 disponantur;

94 461 235 536 exquirit
249 460 339 520 enim
351 461 483 538 regulas
498 459 617 538 quibus
632 459 772 538 intelligi
797 463 830 519 et
851 457 983 520 ostendi
1008 462 1114 537 possit

94 539 177 616 quid
199 540 347 617 legitime
376 543 575 618 sequeretur
598 555 639 604 ex
662 539 772 617 aliquo
801 540 961 616 principio
990 543 1111 614 posite.

93 619 176 680 Hinc
192 620 265 697 ejus
280 621 451 698 objectum
467 622 609 682 estordo
621 634 682 679 seu
693 621 765 695 ipm
776 620 893 678 relatio
905 623 1115 694 conceptuum

94 699 180 758 inter
192 717 235 773 sc,
253 701 342 760 nulla
356 716 490 777 prorsus
504 699 616 760 habita
631 699 757 758 ratione
771 696 1005 760 conformitatis
1024 697 1113 760 idea-

92 793 174 838 rum‘
185 783 220 839 et
233 779 452 857 objectorum.
470 779 595 840 Dicitur
610 779 729 854 Logica
751 777 908 849 formalis,
934 780 1011 854 quia
1034 778 1115 838 nihil

95 857 184 918 aliud
200 859 386 920 considerat
400 860 462 921 nisi
475 863 601 920 rectam
614 857 863 936 dispositionem
875 860 1008 918 actuum
1017 857 1114 921 ratio·

95 937 147 998 nis
161 937 249 998 inter
262 955 313 1014 se;
331 939 421 1000 unde
439 944 490 1022 est
503 937 683 999 formaliter
697 938 867 998 rationalis
888 937 1072 1014 disciplina.

136 1019 169 1078 2⁰
183 1019 302 1097 Logiea
317 1021 432 1079 critice
445 1035 506 1079 seu
520 1018 701 1078 materiatis
722 1021 779 1078 aut
802 1019 987 1092 dogmatice
1010 1016 1115 1078 consi·
1133 1084 1138 1093 ‚

97 1097 204 1171 derat,
219 1113 284 1158 non
298 1103 429 1160 mutuas
452 1101 673 1174 conceptuum
686 1096 876 1169 relationes,
893 1095 953 1156 sed
968 1097 1116 1158 ordinem

97 1176 153 1254 qui
169 1178 255 1237 inter
269 1185 437 1254 coriceptus
452 1185 480 1236 et
494 1193 546 1238 res
561 1182 798 1252 conceptesseu
810 1177 959 1254 cognitas
969 1177 1112 1238 interce-

98 1255 156 1330 dit,
174 1260 208 1316 et
222 1262 398 1334 propterea
409 1259 578 1316 ueritatem
589 1257 737 1334 ipsorum
748 1261 972 1332 conceptuum
984 1258 1114 1332 quaerit.

96 1334 220 1398 Sedulo
236 1339 324 1399 enim
341 1335 526 1398 considerat
540 1340 651 1396 utrum
666 1341 846 1412 conceptus
861 1353 921 1398 seu
936 1335 1021 1396 ideae
1036 1352 1113 1398 nos·

96 1419 158 1476 trae
180 1417 281 1478 rebus
306 1417 456 1495 cognitis,
484 1432 566 1493 quas
579 1419 684 1478 menti
703 1420 955 1492 repraesentant,
971 1417 1033 1476 rite
1048 1431 1116 1477 res·
1166 1490 1169 1493 ¹

95 1495 279 1572 pendeant,
296 1513 418 1574 nempe
432 1501 544 1556 utrum
560 1500 740 1573 conceptus
754 1497 858 1556 nostri
873 1496 938 1555 sint
959 1496 1040 1557 veri.

137 1577 222 1656 Ergo
237 1577 356 1654 Logica
373 1575 546 1637 artificialis
560 1576 677 1636 merito
690 1575 863 1636 dividitur:
880 1578 908 1636 l⁰
920 1575 954 1634 in
964 1575 1116 1654 logicam

91 1671 228 1730 purum,
240 1655 423 1723 formalem,
432 1673 493 1716 seu
501 1656 632 1732 proprie
646 1655 776 1726 dictam,
789 1670 862 1733 quae
875 1655 1116 1715 versatureirea

96 1733 250 1796 ordinem
265 1753 325 1797 seu
336 1735 570 1796 rectitudinem
584 1740 817 1811 conceptuum,
830 1751 867 1794 ac
877 1735 952 1795 ‘min
963 1735 1117 1812 logicam

97 1815 309 1890 applicatum,
324 1816 530 1876 materialem
545 1831 605 1876 seu
622 1814 856 1892 dogmaticam,
877 1829 952 1891 quae
967 1819 1117 1875 versatur

98 1893 185 1954 circa
200 1893 350 1956 ordinem
362 1899 584 1972 conceptuum
598 1899 762 1967 etrerum‚
776 1911 814 1954 ac
824 1896 963 1970 proinde
974 1893 1116 1972 gradum

94 1970 176 2034 facit
190 1973 234 2035 ad
247 1975 514 2054 Metaplrysicam‚
533 1989 608 2052 quae
623 1990 677 2034 res
691 1974 725 2033 in
739 1974 857 2049 seipsis
871 1980 1020 2049 sumptas
1037 1989 1117 2034 con·

96 2051 232 2114 siderat.
245 2056 280 2115 ln
292 2057 411 2132 Logica
426 2069 517 2130 pura,
533 2056 642 2132 agitur
657 2053 699 2113 de
714 2057 850 2115 veritate
859 2054 1041 2114 illationum
1056 2069 1117 2113 seu

97 2132 141 2194 de
166 2133 650 2203 rectitudineconclusionum,
676 2136 715 2193 ut
737 2135 799 2205 sic;
822 2134 856 2192 in
871 2135 989 2211 Logica
1007 2132 1115 2195 critica

97 2213 207 2292 agitur
223 2213 264 2275 de
280 2215 333 2292 obj
339 2215 442 2275 ectiva
456 2213 594 2274 veritate
609 2214 756 2274 omnium
774 2217 1010 2290 conceptuum.

400 2373 521 2434 PRIMA
534 2372 633 2434 PARS
648 2371 805 2434 LOGICAE

139 2534 235 2594 13.-
249 2531 367 2609 Logica
378 2530 534 2602 formalis,
550 2547 624 2610 quae
637 2531 737 2592 etiam
747 2531 923 2590 Dialectica
933 2544 1117 2604 nuncupari

98 2614 185 2674 solet
200 2613 231 2692 (a
245 2613 346 2672 verbo
362 2629 471 2692 graeco
488 2615 653 2690 διαλέγομαι,
672 2609 823 2687 dissero),
842 2614 894 2670 est
913 2626 989 2685 pars
1004 2611 1117 2684 dispu-
1137 2669 1140 2673 ,

98 2693 348 2770 tetiunLog'icae.
361 2695 437 2754 llaec
449 2692 621 2768 disciplina
631 2691 794 2751 rationem
805 2690 917 2766 dirigit
926 2687 1117 2765 usquedum

98 2772 184 2833 hanc
198 2771 388 2833 facultatem
403 2771 563 2849 perducat
579 2770 769 2847 adplenum
790 2771 937 2830 scientiae
964 2767 1117 2844 adeptio-

98 2869 187 2914 nem.
205 2854 355 2930 lamuero
370 2855 504 2912 scientie
519 2851 668 2927 pluribus
689 2850 846 2910 coalescit
868 2846 1046 2908 ratiociniis
1067 2848 1116 2908 iu-

100 2935 151 2994 ter
173 2947 212 2992 se
233 2934 278 2993 ita
302 2932 396 2992 neris
418 2935 455 2991 ut
480 2929 615 3006 aliquod
638 2933 744 2991 totum
765 2929 935 2988 cohaerens
951 2924 1115 2997 conflent3

99 3013 310 3072 ratiocinium
339 3013 468 3071 constat
491 3009 642 3090 judiciis,
667 3007 841 3069 artificiose
872 3005 1049 3081 dispositis,
1086 3008 1119 3065 et

101 3089 235 3152 tandem
266 3092 395 3166 judicic
431 3105 472 3151 ex
499 3089 583 3150 ideis
611 3105 673 3150 seu
699 3087 900 3162 conceptibus
926 3084 1120 3161 simpliciter

102 3170 327 3232 efformantur.
344 3171 441 3247 Ergo,
459 3173 496 3228 ut
511 3168 630 3247 Logica
644 3183 681 3228 se
702 3166 822 3228 ducem
836 3165 984 3242 praebeat
1004 3163 1119 3224 rationi

99 3250 254 3312 humanae
270 3249 303 3309 in
322 3251 554 3324 prosecutione
573 3247 654 3317 veri,
681 3250 823 3324 quatuor
846 3242 1059 3307 considerare
1086 3246 1121 3304 et

102 3346 220 3408 regere
251 3328 363 3398 debet,
395 3330 532 3399 scilieet,
564 3330 593 3387 l⁰
616 3326 796 3402 simplicem
819 3325 1118 3400 apprehensionem,

101 3412 219 3471 saltem
237 3414 337 3485 prout
355 3413 406 3483 est
427 3423 503 3484 pars
513 3406 641 3486 judicii,
660 3408 755 3467 etsie
770 3401 1121 3481 primumsuppeditat

101 3491 306 3552 elementum
329 3487 500 3561 ratiocinii,
526 3503 648 3563 nempe
675 3489 876 3562 conceptus;
893 3485 925 3544 2⁰
939 3484 1115 3559 iudicium,

101 3569 192 3648 quod
207 3573 258 3628 est
272 3567 362 3628 aliud
377 3567 581 3628 elementum
594 3566 701 3644 magis
717 3565 927 3641 complexum
941 3561 1112 3634 ratiocinii;

101 3651 131 3713 3⁰
152 3649 365 3711 ratiocinium
387 3648 509 3726 ipsum,
535 3649 569 3708 et
595 3645 741 3722 tandem,
771 3645 804 3704 4⁰
829 3643 1025 3716 methodum,
1050 3657 1117 3720 qua
