2650 4242
245 262 301 324 iat
551 280 731 326 aarvraaruu
751 280 955 325 cariosorum

286 396 353 460 170.
370 430 409 440 -
423 393 588 458 certitudo
600 396 780 473 subiectiva
799 394 973 460 dividitur:
999 401 1029 461 1ο
1042 400 1075 460 in
1086 397 1254 474 culparem

241 479 275 536 et
292 475 563 552 philosophicam.
581 477 738 551 Quaelibet
752 479 840 538 enim
857 479 1019 541 certitudo
1034 479 1174 558 requirit
1193 495 1254 541 non

241 561 368 617 tantum
387 557 507 617 motiva
522 557 642 634 quibus
656 558 824 629 innitatur,
851 557 913 619 sed
938 561 1037 620 etiam
1061 560 1254 621 motivarum

240 637 378 696 istorum
392 635 624 715 cognitionem.
639 636 737 714 Atqui
759 641 901 716 cognitio
932 639 1000 702 haec
1029 637 1154 717 duplex
1186 655 1254 701 esse

240 722 351 793 potest
367 736 373 776 :
391 714 424 792 a)
437 720 632 790 spontanea,
650 716 774 778 directa
787 723 821 778 et
836 717 984 791 contusa,
1000 718 1078 781 inde
1096 719 1253 780 certitudo

240 795 399 876 vulgaris:
434 795 464 875 b)
492 794 627 867 reflexa,
660 796 839 860 scientifica
864 803 898 862 et
923 796 1085 870 distincta,
1118 805 1151 860 et
1180 806 1254 860 tunc

242 877 402 939 certitudo
415 876 532 938 dicitur
545 878 783 954 philosophica.

279 959 313 1018 2⁰
334 959 369 1019 ln
397 956 582 1018 naturalem
616 961 649 1018 et
682 959 974 1033 supernaturalem.
1007 959 1171 1020 Naturalis
1194 963 1251 1032 est,

241 1038 374 1116 quando
384 1040 542 1099 motivum
555 1037 609 1097 vel
623 1040 674 1096 est
687 1039 834 1099 naturale
849 1040 902 1100 vel
917 1039 1035 1100 saltem
1050 1039 1193 1100 naturali
1207 1054 1253 1098 ra-

241 1117 337 1178 tionis
345 1118 471 1178 lumine
486 1115 724 1197 manifestatur.
746 1119 801 1178 Est
824 1121 1093 1196 supernaturalia,
1122 1117 1267 1196 quando·

240 1200 397 1260 motivum
410 1201 460 1258 est
481 1198 743 1274 supernaturale,
765 1215 796 1260 v,
813 1215 847 1278 g.
872 1201 1049 1261 auotoritas
1073 1201 1133 1259 Dei
1163 1214 1253 1260 reve-

238 1278 345 1351 lantis,
371 1275 535 1354 simulque
554 1280 798 1352 supernaturali
821 1277 899 1341 fidei
914 1281 1038 1341 lumine
1067 1275 1253 1341 manifesta-

239 1365 320 1420 tum.

277 1436 442 1500 Certitudo
458 1435 622 1517 obJ'ectiva
639 1436 794 1500 dividitur
809 1443 841 1500 in
858 1440 1041 1500 absolutam
1056 1443 1088 1498 et
1101 1437 1254 1513 apporte-

237 1520 346 1589 ticaru,
363 1521 460 1594 prout
474 1517 644 1592 objectum
668 1521 825 1582 motivum
841 1537 882 1581 ex
904 1534 940 1580 se
965 1520 1201 1578 necessitatem
1225 1524 1254 1578 et

238 1596 424 1659 firmitatem
450 1597 562 1666 habet,
592 1598 646 1658 vel
673 1603 801 1660 tantum
829 1616 871 1661 ex
898 1597 1041 1676 quadam
1064 1595 1253 1658 conditione

237 1676 384 1754 impleta,
406 1677 440 1736 id
455 1683 516 1749 est,
529 1677 638 1754 aliqua
652 1675 737 1738 faeta
754 1680 980 1756 suppositione
995 1675 1173 1740 verificata.

278 1757 425 1819 Tandem
444 1764 584 1836 utraque
600 1758 772 1828 certitudo,
789 1761 970 1836 prasertim
985 1766 1096 1820 tamen
1119 1757 1251 1835 objecti·

238 1853 290 1908 va,
315 1837 468 1900 dividitur
490 1841 523 1897 in
545 1839 810 1914 metamaucum,
831 1840 1004 1918 physicam
1025 1845 1057 1899 et
1078 1836 1251 1910 moralem,

240 1933 282 1978 ex
297 1918 482 1981 diversitate
496 1916 697 1980 fontisunde
717 1919 875 1993 dimanat,
900 1934 961 1979 seu
984 1917 1179 1994 motiviquo
1199 1915 1251 1976 iir-

238 2003 358 2138 matusrl.
370 2075 451 2138 illud
472 2074 630 2137 motivum
646 2079 698 2135 est
720 2077 896 2139 intrinseca
911 2075 1059 2138 idearum
1076 2075 1250 2148 connexim

236 2175 268 2219 v,
281 2174 313 2236 g.
328 2163 431 2220 totum
447 2160 497 2217 est
507 2156 615 2235 maJus
629 2172 688 2215 sua
701 2162 806 2232 parte,
823 2158 982 2219 certitudo
1000 2157 1060 2218 erit
1078 2155 1251 2231 metaphy-

236 2241 316 2300 sica,
329 2239 362 2298 2⁰
382 2239 414 2299 Si
428 2235 509 2298 iilud
531 2237 689 2297 motivum
705 2239 848 2298 consistit
862 2240 895 2299 in
916 2245 1037 2298 naturae
1051 2235 1197 2313 legibue
1221 2249 1249 2293 v,

220 2335 271 2396 g.
290 2320 373 2395 lapis
388 2317 450 2378 sibi
464 2317 596 2377 relictus
612 2315 769 2377 deorsum
791 2318 865 2385 ruit,
894 2316 1054 2379 certitudo
1081 2317 1141 2376 erit
1168 2314 1248 2391 phy·

207 2426 211 2434 ·
234 2399 318 2472 sica;
348 2404 381 2459 et
401 2395 548 2468 tandem,
567 2398 599 2458 3⁰
613 2399 641 2458 si
660 2397 820 2458 motivum
841 2403 904 2458 stat
928 2399 961 2458 in
976 2396 1107 2476 legibus
1123 2395 1251 2455 morali-

236 2479 309 2550 bus
333 2495 364 2538 v.
380 2494 414 2554 g.
427 2476 675 2560 parentesfilias
690 2478 841 2556 diligunt,
859 2477 1016 2538 certitudo
1033 2477 1094 2536 erit
1105 2473 1248 2536 moralis.

234 2557 418 2636 Aliquando
440 2555 575 2618 nomine
602 2557 804 2618 certitudinis
839 2558 971 2618 moralis
1007 2554 1250 2616 condecoratur

235 2639 375 2699 maxima
399 2637 623 2712 probabilitas,
645 2638 906 2716 sedimproprie,
923 2636 1087 2716 siquidem
1111 2651 1181 2696 non
1203 2641 1250 2696 est

236 2735 315 2780 vera
329 2715 501 2779 certitudo

277 2798 358 2860 Cum
368 2799 462 2874 leges
475 2798 616 2876 physica
628 2804 660 2859 et
673 2797 816 2858 morales
830 2795 895 2856 sint
908 2795 1000 2857 modi
1014 2798 1204 2856 constantes
1214 2808 1246 2852 se

236 2877 383 2941 habendi
403 2881 460 2936 aut
479 2878 602 2956 agendi
620 2877 748 2938 inditia
769 2879 837 2938 Deo
853 2878 978 2952 naturis
1000 2877 1130 2948 creatis
1151 2872 1188 2934 fit
1215 2877 1247 2933 ut

236 2958 363 3035 possint
382 2957 567 3034 impediria
588 2957 741 3019 Creatore
756 2977 763 3018 :
779 2958 856 3017 hinc
876 2955 1035 3017 certitudo
1057 2956 1195 3033 physica
1217 2958 1247 3012 et

235 3037 396 3100 certitudo
418 3040 550 3099 moralis
571 3045 649 3099 sunt
671 3038 887 3117 hypothetica
909 3053 969 3115 per
994 3043 1184 3112 respectum
1205 3031 1246 3093 ad

234 3119 505 3196 metaphysicam,
519 3118 750 3196 quaesoladicit
760 3117 942 3178 absolutam
953 3115 1246 3193 impossibilitatem

235 3200 386 3276 oppositi.
403 3202 451 3258 An
466 3200 531 3260 ista
555 3197 766 3260 certitudines
785 3197 897 3275 specie
919 3196 1080 3262 differant,
1106 3195 1159 3256 vel
1182 3209 1246 3254 una

233 3283 359 3339 tantum
371 3277 573 3340 admittenda
583 3280 624 3339 sit
635 3277 794 3340 certitudo
806 3278 938 3354 proprie
950 3276 1046 3347 dicta,
1061 3291 1168 3354 eaque
1180 3289 1244 3335 me-

234 3358 421 3435 taphysica?
436 3361 685 3422 controvertitur
697 3377 704 3418 :
716 3359 866 3418 Palmieri
879 3355 952 3436 fuse
975 3357 1119 3432 disputat
1134 3353 1175 3415 de
1190 3354 1242 3414 illo

235 3439 499 3518 argumento(1)‚
516 3446 549 3500 et
562 3438 740 3502 ostendere
753 3439 863 3498 nititur
873 3453 973 3498 unam
993 3452 1067 3496 esse
1084 3432 1244 3496 certitudi-

235 3535 314 3581 nem
325 3534 394 3597 qua
404 3519 628 3598 metaphysica
638 3519 787 3581 absoluta
800 3523 861 3592 est,
874 3517 950 3595 quia
959 3516 1112 3578 haeo'sola
1131 3515 1240 3576 exciu-

165 3657 167 3663 y
268 3691 302 3754 (1)
316 3690 523 3756 [agiae-critica,
538 3707 592 3756 cap.
608 3694 629 3754 1,
641 3692 681 3742 th.
696 3691 728 3753 9.Ι

27 3796 123 3829 μω..
