2650 4242
217 224 277 285 232
395 246 398 253 ·
519 243 698 287 shannatus
719 240 922 288 nnrnosornnn

218 352 461 426 adhiberentur,
477 353 548 415 sivi
562 370 621 415 sua
636 355 716 418 nihil
732 353 919 419 conferrent
934 355 977 417 ad
996 356 1058 418 hos
1076 354 1229 419 effectus.

218 436 302 513 Ergo
318 446 374 495 aut
387 435 419 498 vi
432 450 492 495 sua
506 434 629 513 aliquid
643 433 828 509 conferunt,
845 440 902 497 aut
916 436 1006 499 Deus
1020 434 1179 498 simulate
1200 439 1232 495 et

218 529 283 576 ooo
295 520 379 575 recte
392 519 596 591 operaretur,
618 514 697 576 dum
712 531 752 577 ea
765 516 901 578 adhibet
921 515 964 578 ad
986 516 1231 578 determinatos

221 593 359 655 effectus
373 593 617 671 producendos.

258 673 495 736 2⁰Exdoctrina
509 674 769 737 occasionalismi
792 671 1171 737 destruereturscientia
1182 688 1231 734 re·

219 768 293 813 rum
306 754 518 829 naturalium;
536 771 612 815 narn
628 755 777 827 effectus
794 758 1013 831 proprietates
1038 754 1230 825 sensibiles,

221 834 440 909 operationes,
458 838 535 905 etc,
552 850 623 911 qua
636 835 734 895 unice
750 838 889 910 possunt
903 836 997 899 nohis
1011 832 1231 897 manifestare

222 914 390 985 essentiae,
403 914 529 975 nullum
538 915 700 976 haherent
713 929 835 975 nexum
857 916 1073 977 intrinsecum
1089 930 1168 977 cum
1181 914 1231 975 his

223 994 384 1055 essentiis.
400 996 485 1073 Ergo
500 994 636 1056 scientia
649 1010 760 1055 rerum
772 995 980 1072 naturalium,
997 1012 1068 1075 quae
1078 997 1232 1057 versatur

223 1074 308 1135 circa
329 1076 388 1134 has
403 1073 575 1146 essentias
600 1078 689 1135 esset
701 1074 923 1150 impossibilis.

262 1153 293 1215 3⁰
307 1152 454 1214 Tandem
473 1152 556 1219 illud
565 1157 712 1233 systema
737 1155 944 1230 pantheismo
970 1153 1071 1229 favet,
1105 1152 1187 1231 quia
1206 1154 1232 1213 si

222 1237 311 1298 Deus
323 1234 421 1295 unice
442 1238 609 1311 operatur,
625 1248 728 1311 quare
742 1248 810 1295 non
836 1234 933 1296 unice
949 1236 1129 1296 existeret?

329 1378 374 1429 IV.
388 1378 427 1430 Dc
440 1392 563 1427 concursu
577 1393 660 1429 causae
672 1378 763 1444 primae
775 1392 833 1428 cum
846 1375 928 1429 causis
941 1378 1058 1430 secundis
1073 1380 1119 1445 (a).

260 1505 331 1565 407.
343 1501 579 1565 —Concursus
593 1504 777 1581 generatim
791 1504 961 1579 inspectus
977 1510 1028 1566 est
1040 1502 1230 1579 cooperatio

224 1588 321 1647 unius
336 1583 466 1661 agentis
481 1599 555 1643 cum
580 1584 643 1644 alio
666 1582 798 1662 agente.
826 1583 887 1643 Per
915 1600 1111 1645 concursum
1132 1583 1233 1663 igitur

224 1664 286 1726 Dei
311 1664 495 1723 naturalem
520 1662 714 1742 intelligitur
733 1662 875 1724 influxus
904 1663 1018 1725 divinae
1045 1664 1180 1725 virtutis
1199 1663 1231 1725 in

226 1759 397 1805 causamm
412 1741 634 1804 secundarum
648 1744 879 1821 operationes;
897 1748 930 1805 et
951 1744 1019 1805 haec
1042 1744 1230 1805 necessaria

225 1822 409 1885 assistentia
426 1837 530 1884 causa
551 1824 660 1899 primae
682 1838 756 1883 cum
777 1822 929 1884 omnibus
945 1824 1051 1884 causis
1073 1822 1230 1885 secundis

226 1908 277 1966 est
290 1918 374 1980 opus
387 1901 536 1963 mirabile
552 1907 586 1963 et
599 1902 766 1978 explicatu
778 1901 925 1975 difficile;
942 1902 985 1963 ad
998 1902 1228 1981 aequivocaho·

225 2000 287 2045 nes
301 1980 464 2045 tollendas
485 1982 579 2059 plura
593 1987 671 2043 sunt
682 1981 911 2059 praenotanda:

266 2065 296 2123 1ο
310 2061 493 2125 Concursus
514 2066 623 2138 potest
644 2077 719 2123 esse
731 2062 786 2123 vel
800 2062 962 2124 mediatus
979 2062 1034 2124 vel
1057 2060 1229 2123 immedia-

226 2148 289 2204 tus.
305 2142 429 2203 Dicitur
448 2144 604 2204 mediatus
619 2140 751 2219 quando
764 2157 831 2203 una
843 2158 940 2204 causa
955 2142 1010 2203 dat
1025 2142 1118 2204 alteri
1131 2140 1229 2204 facul·

229 2226 330 2283 tatem
345 2222 477 2301 agendi,
496 2225 529 2281 et
544 2238 618 2282 eam
641 2228 826 2287 conservat.

266 2301 361 2377 Quod
388 2304 477 2363 Deus
502 2304 678 2362 concurrat
697 2301 842 2363 mediate
865 2298 907 2361 ad
939 2316 1056 2363 omnes
1081 2298 1230 2363 actiones

228 2386 367 2455 creatas,
384 2380 493 2443 dando
518 2384 551 2441 et
586 2380 812 2443 conseruando
848 2382 955 2442 causis
985 2380 1104 2443 creatis
1130 2378 1230 2442 facul-

226 2468 326 2524 tatem
358 2461 491 2540 agendi,
518 2461 553 2520 in
581 2460 731 2523 confesso
760 2466 811 2522 est
834 2461 922 2537 apud
944 2477 1072 2523 omnes.

269 2541 389 2601 Dicitur
411 2542 627 2616 immediatus,
666 2540 797 2619 quando
819 2557 886 2601 una
907 2556 1007 2602 causa
1041 2556 1104 2617 per
1125 2544 1232 2601 semet

226 2620 332 2684 iniluit
345 2638 419 2682 cum
428 2622 531 2681 altera
545 2622 578 2681 in
592 2622 701 2697 ipsum
711 2622 877 2684 effectum:
894 2622 1035 2683 Vocatur
1049 2620 1151 2687 etiam
1162 2636 1231 2681 con·

227 2704 381 2763 comitans
395 2700 659 2771 cisimultooeuc
681 2704 742 2763 etsi
757 2700 932 2779 aliqnando
948 2699 1046 2763 latius
1069 2703 1231 2769 sumatur,

226 2797 288 2842 seu
307 2799 367 2858 pro
389 2796 514 2859 genere
530 2780 620 2857 quod
634 2779 789 2843 dividitur
800 2782 835 2843 in
849 2780 1002 2857 praevium
1018 2785 1052 2841 et
1080 2778 1233 2841 simulta-

226 2877 338 2934 neum‚
366 2865 403 2922 ut
416 2859 499 2922 infra
521 2860 648 2922 dicetur
669 2858 722 2941 (l).

258 3017 294 3079 (o)
306 3016 394 3077 Quoad
407 3020 518 3065 mentem
532 3018 564 3067 D.
579 3018 671 3067 Thom.
686 3016 736 3067 vid.
753 3032 769 3081 q
788 3016 876 3082 ‚disp
891 3018 923 3065 de
940 3016 1081 3077 Potentio3
1106 3030 1149 3079 qu.
1164 3014 1181 3063 3
1205 3016 1235 3063 de

228 3078 369 3127 Greatione
380 3082 429 3127 art.
444 3078 471 3130 7.
487 3105 519 3116 -
535 3080 636 3129 Gootro
648 3088 748 3142 peotes,
763 3080 781 3130 li
800 3114 806 3127 .
827 3094 865 3136 111,
881 3094 935 3142 cap.
949 3078 988 3127 70.
1003 3106 1035 3117 —
1049 3076 1071 3125 1.
1084 3076 1111 3126 2.
1125 3091 1170 3141 qu.
1196 3076 1234 3134 iu

225 3144 275 3189 art.
290 3140 315 3200 2,
326 3156 370 3203 qu.
384 3140 451 3204 disp.
465 3142 504 3189 De
516 3140 643 3201 Veritate,
654 3156 700 3204 qu.
717 3142 758 3203 22,
772 3143 804 3191 de
818 3140 1021 3191 Voluntatem.
1038 3139 1063 3189 8.

258 3263 384 3327 (llQuoad
392 3278 541 3313 concursum
547 3263 989 3326 immediatum,animadvertendum
1003 3267 1041 3313 est
1055 3262 1146 3313 illuma
1160 3264 1239 3314 Scho-

224 3326 323 3377 lasticis
335 3340 404 3375 rame
418 3324 535 3390 intelligi.
549 3328 649 3377 Doceat
668 3326 735 3375 enim
757 3341 859 3377 causam
880 3324 1012 3375 trifariam·
1032 3324 1181 3376 immediata
1205 3326 1236 3375 ad

226 3388 344 3438 effectum
355 3386 546 3451 producendum
559 3400 712 3451 concurrere
728 3403 734 3437 ε

259 3450 284 3498 1ο
296 3447 487 3498 Immediationo
501 3451 630 3511 suppositi
643 3450 742 3515 quoties
754 3448 871 3499 effectum
884 3450 1002 3514 producit
1014 3464 1061 3514 per
1083 3448 1209 3499 actionem
1223 3466 1237 3499 a

228 3525 256 3560 se
269 3510 412 3559 immediate
425 3515 618 3571 promanantam
633 3525 639 3559 :
654 3527 679 3561 v.
694 3526 735 3575 gr.
749 3512 809 3561 dum
822 3510 889 3575 ignis
902 3510 986 3575 ignem
1000 3515 1118 3575 generat.

260 3572 287 3621 2·
300 3569 491 3621 Immediatione
503 3573 612 3619 virtutis
624 3575 734 3629 tantum,
747 3573 807 3621 dum
821 3588 896 3623 causa
910 3571 1082 3622 communicat
1092 3572 1166 3623 alteri
1180 3584 1235 3621 cau-

230 3647 266 3682 sae
278 3632 398 3681 virtutem
415 3645 485 3680 suam
498 3632 672 3694 productivum
686 3633 753 3683 illius
766 3634 869 3685 effectus
884 3650 890 3683 :
906 3634 950 3693 sio,
961 3652 986 3686 v.
1000 3650 1037 3700 g,
1046 3634 1114 3699 ignis
1127 3642 1236 3684 commu·
