2650 4242
485 205 604 268 242
1094 220 1450 264 ssnssvmmtm
1493 218 1900 264 PHILOSOPHIAE

488 343 590 399 ter
642 337 812 397 hanc
865 338 1274 399 voluntatem
1341 335 1482 397 vult
1551 334 2107 396 coadunationem
2190 331 2489 409 lapidum.

494 416 626 479 Sed
682 419 749 475 in
792 416 1023 477 ordine
1075 417 1506 489 executioniS,
1560 414 1760 476 debet
1808 416 2092 492 primum
2140 413 2493 475 coadunare

488 495 770 575 lapideS,
842 501 1075 573 postea
1145 503 1446 556 extruere
1515 498 1822 572 parieteS,
1876 511 1952 555 ac
1995 494 2278 571 denique
2305 498 2495 554 totam

498 576 770 638 domum
799 575 1138 653 perficere.
1173 577 1340 636 Finis
1369 576 1634 636 ultimus
1663 578 1860 653 igitur
1909 573 2102 635 estid
2153 573 2328 651 quod
2383 578 2494 649 pri·

487 673 668 718 mum
699 655 913 718 existit
939 656 1007 717 in
1033 657 1426 728 intentione,
1457 656 1610 717 licet
1649 654 1957 715 ultimum
2005 656 2226 714 veniat
2270 655 2329 711 in
2359 668 2493 715 exe·

492 736 774 799 cutione.

570 816 925 878 Scholium.
956 814 1049 875 Ex
1078 813 1263 875 dictis
1287 813 1372 875 de
1397 831 1616 887 causa,
1644 817 1899 875 constat
1914 830 2160 893 casam,
2184 812 2494 886 fortunam

496 901 563 956 et
591 898 805 971 fatum
834 909 968 954 non
1001 911 1147 955 esse
1181 911 1434 955 causas.
1471 894 1671 955 Casus
1705 900 1803 955 est
1827 893 1898 955 id
1929 892 2108 970 quod
2138 897 2363 970 praeter
2384 893 2491 952 ‘in-

493 977 858 1036 tentionem
898 976 1005 1035 vel
1049 978 1575 1052 expectationem
1649 977 1906 1053 agentis
1952 975 2200 1045 evenit;
2234 970 2493 1031 refertur

491 1054 578 1116 ad
635 1055 1048 1115 intellectum
1082 1071 1368 1133 eumque
1397 1054 1835 1131 ignorantem,
1872 1058 1938 1114 et
1964 1053 2116 1114 ideo
2148 1068 2282 1113 non
2308 1060 2491 1129 negat

494 1150 700 1195 causae
733 1135 1167 1207 existentiam,
1203 1134 1324 1195 sed
1376 1138 1628 1194 tantum
1677 1135 1832 1195 dicit
1876 1133 2052 1193 illam
2099 1147 2236 1191 non
2271 1148 2491 1208 praeco·

542 1216 748 1286 nosci,
783 1219 849 1274 et
875 1216 1053 1274 nullo
1082 1215 1278 1275 modo
1314 1220 1414 1274 est
1439 1215 1602 1274 ratio
1639 1231 1753 1275 cur
1778 1230 1885 1273 res
1914 1213 2018 1274 sit.
2051 1214 2327 1272 Fortuna
2354 1228 2492 1271 vero

492 1230 713 1355 {iffert
740 1311 778 1354 a
808 1309 984 1366 casn,
1016 1296 1084 1354 in
1108 1310 1185 1355 eo
1218 1295 1398 1372 quod
1440 1310 1546 1355 res
1577 1310 1711 1356 non
1741 1296 1962 1355 evenit
1987 1296 2223 1370 praeter
2252 1290 2489 1352 deside-

492 1377 693 1447 rium;
742 1390 864 1450 per
911 1390 983 1434 se
1017 1375 1213 1435 etiam
1241 1372 1402 1434 nihil
1434 1378 1557 1446 est,
1590 1392 1665 1434 ac
1696 1372 1972 1451 proinde
2003 1374 2236 1449 nequit
2269 1371 2494 1431 hahere

492 1456 815 1515 rationem
875 1469 1104 1514 causae.
1154 1454 1337 1515 Idem
1397 1452 1752 1515 dicendum
1804 1451 1886 1513 de
1938 1451 2101 1524 fam,
2155 1449 2334 1529 quod
2363 1450 2497 1512 dicit

492 1533 986 1595 successionem
1017 1540 1376 1594 eventuum
1405 1551 1526 1595 seu
1572 1534 1929 1595 effectuum
1975 1534 2117 1592 sine
2168 1546 2362 1592 causa
2407 1547 2495 1590 co·

492 1616 675 1693 gnita
705 1629 826 1673 seu
854 1615 1207 1693 assignata.
1268 1607 1578 1691 Sequitur
1628 1614 1806 1691 quod
1865 1611 2084 1672 dicere
2138 1608 2495 1670 ‹.mundum

493 1696 638 1773 regi
660 1710 695 1753 a
726 1709 883 1754 casu
911 1697 1015 1755 vel
1036 1693 1167 1754 fato
1204 1716 1231 1747 ιι
1270 1699 1374 1753 est
1417 1696 1780 1771 propositio
1812 1708 2014 1753 sensu
2043 1692 2377 1754 destituta.

1213 1852 1648 1915 ARTICULUS
1692 1853 1796 1913 111.

1010 1996 1101 2055 De
1130 2010 1328 2055 causa
1355 1994 1698 2055 materiali
1722 1997 1778 2055 et
1802 1992 2098 2069 formali.

1313 2126 1353 2177 Ι.
1372 2129 1462 2184 =De
1479 2110 1711 2178 materia.

577 2242 717 2302 421.
753 2274 829 2283 --
856 2243 1121 2303 Materia
1153 2247 1253 2303 est
1296 2242 1364 2304 id
1417 2260 1499 2304 ex
1549 2259 1678 2319 quo
1731 2241 1977 2320 aliquid
2016 2240 2111 2302 fit.
2149 2237 2500 2303 Universim

502 2327 758 2399 sumpta
790 2325 1149 2399 concipitur
1168 2329 1239 2383 ut
1268 2322 1730 2399 imperfectum
1760 2323 1922 2400 quid
1944 2322 2026 2383 de
2050 2337 2124 2383 se
2143 2319 2502 2383 indifferens

502 2403 586 2463 ad
610 2403 855 2463 multas
886 2402 1520 2464 determinationes:
1563 2404 1934 2481 generatim
1982 2418 2140 2483 ergo
2187 2403 2257 2461 in
2307 2400 2501 2476 aliquo

506 2483 863 2559 composito
899 2488 999 2541 est
1027 2499 1128 2544 res
1146 2484 1574 2558 perficienda.
1619 2527 1624 2532 -

582 2563 844 2623 Materia
868 2578 903 2620 3
929 2561 1341 2624 Scholasticis
1364 2561 1670 2624 trifariam
1693 2560 2002 2641 distingui
2023 2563 2193 2623 solet
2217 2578 2230 2619 :
2255 2560 2503 2620 materia

506 2659 586 2703 33
618 2659 770 2719 333,
814 2643 882 2700 in
914 2657 1063 2718 qua,
1102 2645 1269 2703 circa
1302 2659 1523 2719 quam.
1570 2645 1629 2704 1ο
1654 2642 1921 2703 Materia
1977 2658 2060 2703 θαι
2114 2658 2247 2717 qua
2293 2639 2503 2701 dicitur

502 2723 570 2787 izi
602 2739 794 2783 33133
827 2738 909 2781 ex
938 2739 1093 2798 quo,
1127 2727 1442 2799 tanquam
1475 2739 1556 2783 ex
1576 2722 1909 2802 subjecto,
1941 2721 2012 2782 fit
2042 2720 2328 2799 aliquid:
2360 2720 2504 2780 sicut

506 2819 586 2863 33
622 2819 774 2863 auro
804 2799 878 2860 fit
904 2808 1144 2861 statua.
1175 2803 1238 2862 2⁰
1265 2804 1529 2862 Materia
1574 2804 1642 2862 in
1689 2819 1820 2877 qua
1865 2801 2095 2862 dicitur
2137 2800 2208 2861 id
2252 2803 2322 2862 in
2368 2815 2500 2876 quo,

510 2883 907 2959 tanquainin
956 2882 1280 2959 subjectO,
1334 2880 1543 2942 forma
1591 2882 1948 2960 recipitur:
1984 2883 2077 2942 sic
2124 2882 2239 2941 nix
2292 2883 2393 2940 est
2433 2878 2501 2937 al-

506 2963 762 3023 bedinis
794 2961 914 3020 sibi
939 2959 1309 3022 inhaerentis
1339 2964 1614 3024 materia
1641 2961 1709 3021 in
1742 2978 1892 3039 qua.
1937 2964 1999 3022 3⁰
2043 2961 2313 3023 Materia
2361 2960 2505 3019 circa

510 3059 706 3119 33333
738 3040 968 3100 [licitur
1014 3040 1079 3101 id
1129 3056 1325 3101 omne
1381 3044 1550 3102 circa
1597 3042 1778 3119 quod
1823 3057 2030 3121 agens
2077 3038 2328 3119 aliquid
2366 3053 2500 3114 ope-

506 3127 686 3183 ratur
718 3139 730 3179 :
770 3122 859 3180 sic
887 3121 1143 3199 lignum
1172 3125 1273 3181 est
1300 3122 1577 3183 materia
1607 3124 1778 3182 circa
1808 3137 2007 3199 quam
2035 3121 2208 3199 ignis
2238 3120 2395 3199 agit.

586 3201 847 3260 Materia
879 3203 1079 3260 etiam
1109 3199 1416 3262 dividitur
1441 3204 1508 3261 in
1534 3202 1812 3279 primam
1862 3207 1928 3262 et
1968 3200 2356 3262 secundam.
2393 3198 2507 3259 Ma-

510 3283 674 3339 teria
706 3279 935 3339 dicitur
966 3284 1218 3356 prima,
1262 3281 1526 3358 quando
1581 3279 2034 3342 consideratur
2075 3285 2272 3359 prout
2321 3284 2417 3339 est
2453 3274 2507 3335 in

510 3379 606 3431 33,
642 3367 706 3419 et
738 3366 1059 3435 quatenus
1101 3375 1226 3420 nec
1258 3362 1477 3439 aliqua
1505 3358 1718 3421 forma
1741 3363 2038 3433 vestitur,
2088 3375 2217 3423 nec
2263 3360 2350 3421 ad
2395 3356 2502 3418 for·

506 3455 686 3503 marn
714 3439 1160 3517 recipiendam
1189 3440 1516 3518 aliquibus
1551 3442 1804 3517 praeviis
1853 3441 2391 3519 dispositionibus
2427 3433 2502 3495 af·

506 3519 738 3583 ficitur.
778 3519 1077 3581 Secunda
1104 3536 1261 3582 vero
1294 3524 1672 3582 nominatur
1709 3520 1866 3582 dum
1896 3524 2114 3598 aliqua
2161 3519 2374 3583 forma
2416 3518 2507 3578 aut

510 3598 1046 3679 dispositionibus
1077 3600 1161 3661 ad
1192 3616 1340 3661 eam
1371 3600 1821 3679 recipiendam
1849 3600 2160 3664 induitur.
