2650 4242
216 258 276 319 988
527 272 708 317 naeviumou
728 270 930 316 ruinosormn

166 454 170 464 Ι
216 392 311 460 elteri,
326 399 396 443 nam
410 388 440 442 1ο
455 400 574 457 semper
589 399 673 441 suam
687 384 777 440 habet
788 386 1006 455 perfectionem
1018 388 1145 459 (sonbe-

164 482 177 515 ..·
216 459 353 529 nitatem)
372 457 572 529 essentialem,
593 461 625 512 2⁰
640 455 752 527 aliquid
766 454 853 511 alteri
872 471 990 528 semper
1009 461 1145 519 conterre

213 532 364 655 poltpusg'sts
374 600 407 654 11.
424 600 532 652 Bonum
547 603 587 652 est
600 598 763 664 diffusiorem
777 600 834 668 sui,
846 612 915 654 nam
925 580 1035 656 habere
1046 604 1143 672 polest
1178 534 1228 589 189

218 672 366 726 rationem
379 669 457 742 linis,
472 669 524 743 qui
538 667 675 724 amabilia
688 666 788 722 reddit
801 668 906 724 media.
1178 675 1228 731 189

611 796 630 857 ὅ
644 794 676 847 11.
692 794 733 846 De
747 790 834 847 malo.

413 931 416 936 ·
497 915 517 964 Ι·.
532 913 597 976 Quid
611 919 637 964 el
650 914 787 979 quotuplex
802 919 841 965 est
855 916 958 967 malum.

252 1031 413 1087 Malumest
421 1028 754 1100 carentiaperieotionis
764 1032 979 1103 convenientia,
990 1036 1020 1087 et
1028 1032 1142 1106 exinde,

217 1118 277 1174 qua
291 1103 360 1173 tale,
377 1115 436 1155 non
451 1099 618 1171 appetibile.
635 1100 785 1155 Dividitur
801 1104 828 1155 l⁰
839 1104 869 1155 in
878 1103 1034 1172 physicum
1044 1107 1076 1159 et
1085 1119 1146 1159 mo·

216 1175 290 1244 rale,
305 1177 338 1227 2⁰
353 1173 384 1226 in
399 1172 567 1227 absolutum
580 1174 610 1227 et
625 1172 834 1243 revelativum,
850 1178 879 1227 3ο
889 1174 921 1229 in
931 1174 1041 1229 malum
1052 1176 1145 1247 culpae

215 1243 371 1299 etmalum
383 1255 488 1313 poenae.
1180 1246 1228 1302 189

576 1338 611 1389 ll.
634 1337 672 1385 De
686 1316 786 1401 origine
799 1337 869 1388 mali.

251 1456 362 1512 Malum
376 1453 561 1511 considerari
575 1456 676 1525 potest
690 1454 885 1509 materialiter
899 1457 929 1509 et
944 1455 1119 1513 formaliter.
1181 1460 1229 1515 190

250 1530 362 1583 Tusssts
377 1529 398 1582 1.
413 1511 523 1579 datum
539 1530 649 1578 nonest
664 1526 721 1577 uisi
735 1526 767 1577 tn
782 1527 900 1593 subjecto
916 1528 995 1598 bono,
1013 1542 1080 1582 nam
1095 1543 1147 1583 ca-

216 1600 314 1653 rentia
328 1595 522 1665 perfectionis
537 1595 642 1651 debitae
655 1608 717 1650 non
731 1596 830 1665 potest
846 1597 959 1667 concipi
974 1598 1032 1652 nisi
1046 1600 1078 1653 in
1091 1599 1147 1655 ali-

215 1670 408 1795 qu'Ffleunstgll.
424 1738 533 1791 Bonum
546 1741 585 1789 cst
599 1750 685 1789 causa
700 1738 821 1803 efficiens
836 1740 915 1791 moli.
938 1739 1054 1793 Etenim
1076 1754 1145 1810 per·
1182 1671 1229 1727 ¹90

216 1810 305 1865 sectio
320 1808 419 1863 debita
432 1822 493 1862 non
514 1808 615 1878 potest
629 1808 778 1863 removeri
792 1808 849 1863 nisi
862 1821 917 1879 per
932 1810 1078 1864 actionem
1092 1811 1146 1865 ali-

214 1882 300 1951 eujus
313 1879 403 1935 entia.
1182 1884 1229 1939 199

254 1955 364 2007 'laesis
389 1951 433 2005 lll.
458 1950 578 2019 Bonum,
603 1962 662 2001 non
684 1962 734 2014 per
756 1962 794 2017 se,
819 1950 865 2003 scd
885 1964 935 2018 per
955 1950 1094 2022 occidens,
1110 1957 1149 2006 cst

216 2037 304 2075 conse
317 2024 399 2092 mati,
415 2025 484 2074 'nam
499 2018 633 2073 desectus
649 2032 702 2073 seu
718 2020 849 2073 carentia
865 2034 924 2074 non
939 2022 1021 2076 venit
1036 2025 1147 2090 919171-

217 2095 321 2147 ca'cntte
336 2105 443 2162 caueae,
459 2088 513 2144 sed
527 2104 564 2143 ex
578 2090 643 2158 ejus
657 2091 798 2157 debilitate
813 2104 865 2144 seu
879 2105 934 2160 per
948 2090 1094 2147 accidens,
1182 2096 1226 2151 191

250 2164 314 2219 Set.
330 2163 514 2233 Argumenta
527 2160 619 2214 etiam
633 2160 730 2214 causis
746 2160 846 2215 liberis
862 2161 1058 2231 applicantur.
1179 2166 1225 2222 191

488 2390 687 2453 APPENDIX
707 2392 761 2451 AD
777 2389 904 2452 CAPUT
925 2392 962 2453 11.

412 2542 452 2585 nlt
466 2540 584 2597 ORDINE,
601 2540 840 2585 PULCHRITUDINE
854 2540 890 2607 m
908 2538 1037 2586 suctim.
1092 2602 1096 2609 .

626 2656 651 2706 I.
668 2655 707 2705 De
721 2652 821 2703 ordine.

251 2746 340 2811 Ordo,
357 2747 408 2818 qui
421 2746 468 2801 est
482 2744 636 2815 dispositio
650 2743 781 2814 plurium
796 2741 833 2796 ad
848 2756 940 2797 unum
955 2741 1074 2813 aliquod
1088 2744 1147 2813 em.

215 2818 363 2889 eiendum,
389 2816 482 2873 dividi
505 2817 605 2887 potest
625 2816 655 2870 1⁰
676 2815 706 2868 in
732 2813 872 2867 staticum
896 2818 926 2868 91
943 2813 1145 2888 dynamicum,

214 2894 249 3016 {g
251 2888 506 3015 1310111ιῖ1111999919111
519 2889 550 2942 et
563 2883 786 2957 particularem,
801 2882 832 2937 3ο
846 2885 878 2938 in
892 2898 999 2940 uerum
1011 2888 1042 2941 et
1056 2900 1148 2957 appa·
1182 2958 1229 3015 192

579 3052 613 3126 ll.
627 3047 871 3125 Devpulohritudine.

253 3166 446 3224 pulchritudo
460 3169 507 3222 est
521 3166 658 3237 quaedam
673 3167 773 3221 unitas
787 3166 818 3220 in
833 3164 1025 3221 multitudine
1043 3170 1074 3223 et
1092 3183 1148 3223 va-

218 3241 336 3295 rietate.
359 3238 508 3293 Dividitur
532 3239 561 3294 1⁰
585 3239 617 3291 in
631 3236 756 3291 idealem
770 3238 801 3291 et
814 3236 937 3309 realem,
951 3240 984 3293 2⁰
998 3236 1029 3293 in
1041 3239 1149 3310 physi-

216 3324 292 3381 cam,
307 3308 540 3364 intellectualem
554 3310 586 3363 91
598 3306 752 3362 moralem.
1182 3312 1230 3371 193

611 3431 656 3480 111.
671 3429 710 3479 De
729 3428 841 3479 sublimi.
888 3392 891 3400 Ι

252 3551 385 3607 sublime
399 3553 445 3604 est
458 3548 490 3604 id
503 3548 583 3619 qnod
593 3546 703 3617 aliquid
712 3546 811 3602 exibet
820 3546 966 3603 intuentis
974 3544 1148 3607 facultatem

218 3621 306 3691 longe
320 3620 474 3690 excedere.
490 3619 594 3673 Differt
608 3632 626 3672 a
639 3618 773 3687 pulchre.
