2650 4242
236 219 292 281 itt
539 232 718 276 ansvnaruu
738 233 945 278 PHILOSOPHlAE

273 353 302 410 1⁰
316 347 416 408 Proui
436 346 623 410 considerat
639 361 763 425 eaquae
779 347 820 410 de
835 348 959 409 mundo
975 347 1150 420 materiali,
1168 365 1237 426 pra·

235 429 364 492 cisione
378 428 526 495 mentali,
547 426 717 504 peneraiia
735 426 827 502 fiunt,
845 445 907 489 seu
921 429 1143 490 abstractione
1157 444 1238 491 men-

234 511 274 571 tis
310 507 571 571 immaterialiter
599 511 802 584 spectantur,
842 509 1064 588 Metaphysica
1101 512 1241 585 specialis

207 635 209 638 -
235 589 354 651 dicitur
384 588 601 662 cosmatem,
632 587 726 666 cujus
747 588 887 666 proinde
917 589 1088 669 objectum
1112 593 1163 650 est
1180 592 1242 667 ipsa

234 674 354 731 natura
370 682 529 746 corporea
542 667 737 743 incorporeo
753 667 851 731 modo
868 674 1033 745 spectata,
1043 667 1079 729 id
1091 674 1143 730 εει
1156 677 1243 746 prout

234 750 362 817 rationi,
388 751 421 809 et
435 764 503 808 non
518 746 672 806 sensibus
687 763 724 808 se
738 746 903 826 patefacit.
921 751 933 807 I
936 750 1023 826 gitur
1039 747 1240 828 Cosmologia

236 847 258 892 a
291 827 427 906 Physica
463 827 685 903 distinguitur,
720 828 754 888 in
784 833 943 905 quantum
969 831 1036 890 lraec
1065 829 1243 892 considerat

235 907 399 970 mundum
415 922 611 983 corporeum
631 911 739 996 prout·
752 907 905 968 sensibus
920 912 1069 986 apparet,
1097 909 1177 969 dum
1196 912 1242 972 illa

186 993 192 1002 '
236 989 424 1051 nullatenus
448 986 612 1046 examinat
624 986 659 1046 id
673 990 806 1062 precise
823 987 912 1064 quod
933 989 1086 1049 sensibus
1101 997 1239 1065 apparet.

277 1071 309 1130 2⁰
325 1069 426 1127 'Proui
440 1067 665 1145 Metaphysica
681 1068 832 1143 specialis
862 1069 948 1129 circa
970 1071 1114 1130 animam
1138 1071 1241 1131 buma-

238 1165 316 1210 nam
342 1151 503 1221 versatur,
533 1163 604 1223 quae
626 1151 677 1207 est
699 1161 759 1207 ens
786 1151 902 1208 natura
937 1165 996 1208 sua
1023 1151 1241 1221 immateriale,

239 1233 451 1304 nuncupatur
465 1227 687 1302 Psyctotopie.

276 1311 308 1370 3⁰
321 1308 471 1384 Denique
486 1311 583 1383 prout
599 1305 641 1366 de
656 1307 725 1367 Deo
740 1304 811 1383 ipso
834 1305 973 1382 disserit,
990 1309 1081 1386 quia
1103 1309 1243 1386 qualibet

240 1388 450 1451 concretione
474 1387 636 1448 materiali
665 1402 764 1462 quam
796 1387 939 1446 maxime
974 1388 1113 1461 recedit,
1147 1389 1241 1449 idea·

242 1468 379 1548 physica
400 1467 552 1542 specialis
575 1467 760 1542 appellatur
785 1467 966 1541 Tlteoiopiu.

279 1551 364 1626 Ergo
386 1544 559 1608 inferiores
575 1545 750 1624 disciplinae
768 1546 801 1605 in
825 1561 906 1622 quas
928 1547 1135 1610 distribuitur
1156 1548 1243 1608 Meta·

240 1630 376 1707 physica
397 1630 474 1687 sunt
496 1645 503 1686 :
524 1628 555 1690 1⁰,
574 1625 760 1704 Ontologia,
777 1627 809 1685 2⁰
831 1625 1049 1706 Cosmologia,
1064 1629 1096 1690 3⁰
1111 1628 1242 1707 Psyche·

238 1709 339 1786 logia,
355 1707 386 1764 4⁰
407 1705 596 1783 Theologia.
676 1744 681 1753 ·

279 1791 326 1850 Ex
339 1788 401 1847 bac
423 1785 672 1846 enumeratione
688 1785 829 1862 patescit
842 1785 1100 1867 Metaphysicam
1114 1802 1242 1866 genera-

241 1869 299 1929 tim
311 1869 497 1943 inspectam
511 1869 623 1926 stricte
641 1863 783 1924 describi
805 1881 904 1940 posse
927 1887 933 1927 :
958 1869 1092 1929 scientia
1118 1885 1188 1943 quae
1210 1885 1243 1926 ex

242 1963 355 2008 rerum
368 1945 550 2006 rationibus
563 1946 776 2004 diversimode
800 1947 863 2004 citi
897 1947 934 2018 is,
965 1965 1021 2008 eus
1043 1948 1244 2024 prosequitur

242 2045 313 2106 quae
333 2025 384 2087 liet
408 2043 456 2093 re,
481 2025 657 2085 daimonte
684 2029 809 2084 totitem
837 2041 857 2084 α
885 2029 1027 2090 materia
1054 2033 1129 2089 suoi
1148 2030 1244 2102 acopis

243 2109 411 2170 abstractae
438 2122 494 2165 seu
514 2119 641 2164 sensum
654 2106 947 2179 truosprediuotcr.

284 2188 319 2247 ln
332 2187 438 2263 prima
459 2181 656 2246 definitionis
672 2189 775 2257 parte,
794 2201 864 2260 qua
880 2186 990 2246 locum
1003 2185 1137 2260 generis
1154 2189 1244 2257 tenet,

244 2266 385 2328 diximus
410 2284 416 2322 :
441 2280 483 2323 ex
496 2280 606 2324 rerum
621 2263 801 2323 rationibus
815 2263 948 2338 ultimis,
966 2265 1040 2342 quia
1057 2266 1243 2344 Metaphysi-

244 2363 283 2408 ca
304 2350 355 2406 est
370 2343 518 2421 quadam
532 2359 606 2420 pars
620 2343 833 2419 Philosophiae
849 2359 918 2420 quae
932 2344 1062 2406 ultimas
1077 2362 1189 2406 rerum
1202 2361 1245 2406 ra·

247 2429 353 2489 tiones
366 2422 408 2504 (3)
424 2423 618 2484 considerat.

286 2508 322 2567 ln
335 2503 482 2564 secunda
493 2508 585 2578 parte
603 2500 736 2562 dicitur:
759 2519 813 2563 ees
827 2502 981 2582 (rationes
994 2501 1137 2583 ultimas)
1147 2521 1246 2582 prose·

246 2589 359 2662 quitur
371 2601 443 2660 quae
458 2583 507 2642 oet
516 2582 612 2644 rcoei
625 2586 862 2643 meoteteotum
877 2601 898 2643 a
912 2586 1053 2643 materia
1066 2593 1138 2646 suoi
1153 2586 1246 2660 mucis

246 2667 426 2734 abstractae,
446 2662 636 2740 seumagis
650 2666 795 2734 remote,
811 2667 844 2723 et
857 2663 923 2724 haec
945 2679 1021 2740 pars
1038 2663 1245 2726 differentiam

246 2746 429 2822 proximam
443 2743 587 2804 exhibet.
603 2745 757 2804 Rationes
773 2758 842 2818 qua
856 2759 974 2819 reapse
991 2760 1051 2806 seu
1065 2749 1183 2804 natura
1196 2760 1246 2804 sua

247 2841 267 2884 a
287 2827 424 2885 materia
438 2823 643 2894 abstrahunt,
659 2821 828 2900 objectum
838 2824 1023 2901 Tlreologiae
1039 2827 1072 2882 et
1085 2824 1246 2904 Psycholo·

248 2907 308 2983 giae
324 2904 536 2974 constituunt,
560 2901 638 2963 dum
660 2901 804 2962 rationes
820 2919 889 2979 quae
903 2910 1005 2964 mente
1019 2909 1143 2964 taniam
1159 2920 1246 2966 ama-

248 2985 330 3045 teria
345 2988 421 3044 sunt
435 2984 616 3053 abstractae,
632 2981 832 3044 constituunt
853 2982 1021 3060 obJectum
1033 2982 1244 3062 Cosmologia.

247 3064 399 3140 Denique
422 3063 591 3142 objectum
613 3060 794 3139 Ontologiae
817 3063 998 3124 rationibus
1024 3063 1075 3124 his
1104 3063 1247 3124 coalescit

249 3160 320 3222 quae
342 3144 440 3204 etiam
454 3145 575 3204 mentis
589 3141 779 3218 praecisione
793 3143 918 3219 arabus
934 3143 1090 3216 ombilico,
1106 3144 1245 3204 sivecor-

248 3222 360 3301 porcis
382 3224 451 3283 sive
472 3220 685 3296 incorporeis
702 3221 945 3286 abstrahuntur.
960 3221 1038 3282 lnde
1053 3223 1086 3282 in
1100 3221 1246 3284 definitio-

249 3319 292 3365 ne
308 3302 449 3363 diximus
465 3302 678 3362 diversimode
691 3299 825 3361 uitiosis.

288 3381 359 3444 263.
383 3417 421 3426 -
441 3382 490 3442 Ab
515 3381 687 3460 Ontologia
711 3380 936 3453 exordiemur;
959 3381 1026 3442 baec
1056 3383 1145 3444 enim
1165 3381 1245 3443 disci-

249 3463 339 3541 plina
359 3463 512 3523 notiones
526 3462 751 3541 generaliores
773 3460 969 3531 considerat,
994 3478 1064 3538 qua
1079 3468 1155 3523 sunt
1168 3465 1244 3540 prin·
1289 3501 1290 3506 η

251 3543 334 3620 cipia
348 3541 485 3602 aliarum
507 3540 762 3617 disciplinarum.
777 3540 936 3602 Praeterea
950 3541 1171 3622 Metaphysica
1184 3557 1244 3617 spe-

244 3623 342 3693 cialis
365 3621 538 3682 exordium
553 3619 643 3681 ducit
663 3620 916 3700 aCosmologia‚
933 3637 994 3682 seu
1008 3637 1026 3682 a
1048 3619 1245 3684 crassioribus
