2650 4242
317 273 514 319 unraeursrca
536 267 618 327 anm,
641 273 697 318 suu
719 243 902 317 onronoora.
1061 254 1120 315 215

486 436 504 497 ἓ
518 434 538 486 l.
553 434 594 486 De
608 430 761 487 relatione.

472 565 493 614 Ι.
507 561 572 623 Quid
587 563 620 612 sit
632 562 739 611 relatiol

135 680 211 740 373.
229 714 267 725 -›
290 681 414 741 Relatio
433 678 560 740 definiri
574 682 709 755 potest:
737 680 898 741 Ilcbz'tudo
921 697 976 740 sea
991 695 1116 755 respec-

94 762 359 821 torneamentis
388 761 549 829 adalind,
574 774 697 834 nempe
722 760 756 819 td
771 776 832 834 quo
862 776 962 819 33331
990 760 1118 834 respicit

95 837 206 899 atiud.
223 841 280 900 llic
296 838 377 899 ordo
401 837 445 898 ad
459 839 611 909 alterum,
626 839 789 899 abstracte
804 844 983 914 spectatus,
1002 840 1115 915 appel-

94 917 186 977 latur
201 933 222 977 a
235 919 409 979 Veteribus
425 935 490 978 3333
503 918 672 978 relationis
692 916 734 977 ad
750 918 901 992 alterum,
918 920 972 979 vel
987 918 1117 980 brevius

95 1011 164 1056 3333
180 1000 236 1059 ad.

137 1076 176 1135 13
196 1076 357 1137 relatione
383 1078 442 1137 tria
467 1075 668 1137 considerari
684 1076 831 1138 debent:
854 1077 1032 1151 subjectum
1056 1093 1118 1138 seu

95 1168 159 1213 eus
175 1154 268 1231 quod
281 1158 427 1231 refertar
439 1155 483 1216 ad
497 1154 597 1221 aliud,
614 1155 772 1232 quodque
795 1160 970 1230 propterea
1001 1155 1119 1219 dicitur

94 1233 260 1306 retotum;
273 1237 305 1295 2³
319 1238 486 1305 terminus,
499 1234 653 1295 videlicet
667 1234 755 1296 idad
771 1234 861 1313 quod
876 1233 1018 1295 refertur
1036 1237 1114 1297 sub-

90 1311 247 1390 jeetum:
275 1313 395 1376 dicitur
419 1315 519 1374 etiam
548 1313 762 1384 cort-etatem·
791 1316 822 1375 3ο
854 1315 1115 1389 fondamentum,

95 1394 190 1468 quod
205 1396 349 1454 estratio
374 1395 416 1454 ob
440 1394 539 1471 qua'm
562 1394 750 1470 subjectum
778 1392 919 1453 refertur
940 1393 982 1453 ad
1008 1397 1116 1455 termi-

95 1488 192 1544 num,
209 1489 271 1533 seu
285 1472 441 1534 accidens
456 1471 547 1550 quod
560 1470 677 1533 fundat
701 1474 809 1549 ipsum
836 1479 1024 1549 respectum
1053 1489 1115 1533 seu

94 1550 327 1613 habitudinem
341 1552 482 1630 subjecti
495 1550 539 1611 ad
551 1552 726 1613 terminum
744 1571 750 1611 :
766 1552 874 1613 vocari
899 1553 983 1613 solet
1003 1569 1068 1613 3333
1082 1554 1117 1613 ia

95 1630 276 1710 (subJ'ecto)
291 1631 469 1693 relationis.
487 1632 609 1693 Dicitur
622 1629 886 1699 fundamentum,
906 1632 980 1707 quia
993 1647 1033 1691 ex
1042 1634 1115 1707 ipso

96 1712 215 1771 relatio
226 1711 374 1783 resultat,
388 1716 421 1771 et
432 1710 552 1771 exinde
569 1713 668 1771 etiam
690 1710 809 1771 dicitur
825 1727 922 1771 causa
934 1712 1112 1772 3313113313.

96 1790 136 1851 V,
155 1807 205 1869 gr.
223 1790 356 1867 quando
373 1790 490 1850 dicitur
507 1811 513 1851 :
531 1791 731 1867 triangulum
750 1793 776 1852 A
791 1791 914 1867 equale
937 1796 987 1852 331
1012 1792 1113 1851 trian-

96 1870 178 1948 gulo
195 1871 230 1938 B,
248 1871 388 1930 habetur
397 1874 569 1946 respectus
588 1870 774 1930 seurelatio
788 1872 885 1930 unius
902 1872 1054 1948 trianguli
1070 1868 1114 1931 ad

98 1949 203 2009 aliud.
217 1950 430 2028 Triangulum
444 1953 471 2009 A
485 1948 583 2009 estid
598 1948 690 2025 quod
703 1948 855 2017 refertur,
867 1949 957 2011 unde
970 1955 1020 2010 est
1034 1950 1112 2010 sub·

91 2030 239 2108 jectum;
259 2030 458 2108 triangulum
474 2030 498 2087 B
514 2033 564 2089 est
577 2029 663 2089 idad
681 2029 770 2107 quod
781 2027 933 2101 refertur,
951 2048 988 2091 ac
1001 2029 1112 2106 proin-

97 2108 143 2169 de
157 2113 209 2171 est
224 2110 393 2170 terminus.
411 2109 675 2169 Fundamentum
690 2113 741 2169 est
752 2108 944 2185 superficies
961 2110 1114 2187 trianguli

96 2191 137 2259 rh-
151 2188 243 2265 quod
257 2188 397 2250 refertur
406 2193 443 2249 ut
453 2204 609 2249 mensura
619 2189 812 2248 communis,

97 2309 168 2369 374.
182 2344 220 2352 -
234 2311 351 2369 Tarsis.
368 2309 492 2369 Relatio
504 2324 525 2367 3
539 2324 595 2367 suo
608 2309 821 2383 fondamento
836 2324 898 2369 non
912 2325 959 2379 re,
976 2311 1031 2369 sed
1053 2325 1110 2368 ra·

138 2391 223 2449 113313
238 2393 399 2449 duntaxat
413 2389 633 2461 distillaretur,
662 2403 724 2447 seu
748 2388 819 2447 aliis
841 2388 959 2461 verbio,
978 2405 1042 2448 3333
1070 2388 1115 2448 act

137 2484 206 2529 non
219 2468 351 2528 realiter
363 2467 469 2529 differt
486 2468 526 2527 ab
538 2483 603 2526 3333
617 2466 841 2528 133313113313.

139 2588 231 2648 Nota.
246 2589 353 2667 Aliqui
364 2589 507 2649 Scotistae
522 2590 734 2651 ethomistae
755 2589 917 2651 affirmant
932 2590 1037 2666 ipsam
1056 2605 1110 2650 re-

97 2667 254 2728 lationem
267 2668 580 2745 praedicamentalem
594 2684 666 2729 3333
681 2670 825 2747 aliquam
851 2669 1020 2729 entitatem
1050 2668 1112 2729 dis·

98 2747 262 2807 tinctama
278 2744 492 2809 fundamento
511 2768 517 2808 :
535 2766 564 2808 v.
578 2765 641 2826 gr„
658 2750 773 2809 relatio
797 2751 883 2809 inter
902 2748 985 2809 duos
1005 2750 1111 2825 parie-

99 2830 150 2887 tes
164 2826 257 2887 albos
272 2844 338 2887 non
369 2831 457 2887 esset
480 2828 552 2903 ipsa
576 2828 702 2899 albedo,
729 2827 790 2889 sed
819 2827 968 2904 quaedam
994 2828 1113 2888 entitas

99 2906 290 2967 tenuissima
304 2906 451 2983 quidem,
466 2907 564 2967 realis
582 2911 691 2967 tamen
705 2914 736 2968 31
746 2908 877 2969 realiter
893 2907 1045 2968 distincta
1059 2904 1112 2984 (1).

140 2986 249 3046 Τ113313
258 2988 429 3060 probetur.
443 2988 475 3046 Si
486 2986 650 3047 distinctio
668 2991 756 3049 esset
784 2986 881 3048 realis
897 2986 984 3047 inter
997 2985 1113 3047 funda-

97 3070 247 3125 mentum
262 3072 295 3125 et
315 3066 520 3137 relationem,
546 3070 636 3135 tuno,
652 3067 757 3142 posito
786 3068 819 3127 13
835 3083 870 3127 13
896 3064 1112 3127 fundamento

98 3150 132 3204 et
145 3146 295 3217 termino,
311 3146 370 3205 1133
383 3148 452 3220 ipso
468 3147 581 3206 relatio
594 3161 659 3204 non
684 3146 872 3206 haberetur.
893 3146 991 3221 Atqui
1015 3147 1113 3221 plane

96 3228 262 3301 repugnat
286 3240 359 3284 eam
387 3241 454 3284 non
472 3224 587 3285 haberi
607 3228 663 3285 aut
693 3226 771 3292 tolli,
800 3226 1011 3287 manentibus
1038 3225 1111 3286 illis.

96 3302 237 3378 Quando
250 3321 282 3364 v.
294 3320 342 3381 g„
356 3303 475 3364 dantur
490 3304 561 3364 duae
585 3304 688 3375 linea,
705 3310 782 3365 sunt
807 3306 949 3382 aequales
969 3304 1022 3365 vel
1036 3305 1110 3365 ine·

96 3383 213 3459 quales
225 3383 305 3443 citra
319 3384 420 3444 ullam
431 3384 480 3444 sui
496 3387 730 3457 mutationem;
750 3385 859 3445 ethaeo
874 3385 1041 3462 aequalitas
1060 3382 1113 3443 vel

126 3510 160 3574 (1)
175 3511 251 3560 Juxta
264 3510 387 3574 quosdam
400 3510 562 3570 recentiores,
576 3509 708 3559 distinctio
717 3508 760 3559 illa
774 3515 840 3560 esset
849 3510 933 3573 realis,
946 3510 1005 3573 quia
1019 3506 1113 3577 entitas

94 3572 228 3622 relationis
243 3578 366 3636 estpnrus
377 3572 452 3632 ordo,
473 3572 535 3622 dum
553 3570 746 3622 fundamentum
760 3577 799 3622 est
815 3572 911 3637 aliquid
929 3571 1071 3623 absolutum
1084 3583 1115 3619 111

96 3634 222 3701 subjecto:
234 3634 303 3685 ratio
316 3633 397 3685 iutilia
411 3638 458 3686 331.
