2650 4242
294 262 490 309 unrararsrci
511 263 593 319 cau,
616 262 672 308 san
692 262 873 308 ouroaoon.
1032 244 1092 307 237

80 394 146 439 nus
165 379 330 441 actionem
359 376 514 456 precedit
541 391 683 455 eamque
715 375 920 449 determinat,
949 392 1010 438 seu
1029 394 1090 455 po·

81 458 220 521 tentiam
240 460 379 521 activam
398 472 439 519 ex
459 456 659 519 indifferenti
679 456 807 519 reducit
838 456 879 518 ad
899 463 1009 518 actum
1031 456 1090 519 de·

80 542 304 611 terminatum,
328 537 445 600 dicitur
469 536 774 616 pradeterminatio.
797 538 1093 598 Praedctcrmioctio

81 635 166 697 ergo
189 634 250 680 seu
269 620 435 695 promotio
457 621 508 679 est
527 615 648 695 aliquid
671 615 826 693 pravium
851 617 971 677 actioni
996 632 1090 677 crea-

82 705 174 759 tura.
206 700 296 759 Deus
321 696 365 759 ad
389 697 527 759 effectus
550 712 778 775 quoscumque
805 694 993 757 immediate
1015 712 1091 759 con·

82 778 197 851 currit,
230 777 328 839 eiiam
357 774 630 840 communicando
661 781 768 837 causis
798 774 954 837 secundis
992 778 1091 838 virtu-

81 866 153 919 tem
184 858 373 935 specialem,
414 872 434 918 a
474 872 539 935 qua
577 853 746 935 egreditur
775 855 963 918 immediate
1006 858 1091 916 actio

82 952 191 998 causa
226 934 385 1007 secunda,
420 938 466 997 ita
498 940 536 997 ut
566 943 730 1017 repugnet
770 937 902 999 omissio
930 935 1015 997 illius
1040 951 1092 996 ac·

84 1018 197 1079 tionis,

126 1096 282 1171 Quanam
303 1093 345 1156 sit
364 1099 478 1157 natura
500 1094 599 1174 hujus
619 1095 749 1156 virtutis
769 1095 958 1173 impertita?
976 1093 1011 1155 id
1025 1109 1092 1154 non

80 1192 152 1237 nno
174 1175 273 1236 modo
294 1174 432 1237 traditur
452 1190 471 1235 a
491 1176 588 1236 variis
609 1174 824 1237 assertoribus
845 1173 944 1253 hujus
964 1175 1090 1251 opinio-

80 1256 302 1343 ῃίε.,1”]ιικιο
321 1255 457 1329 hstium,
480 1261 530 1317 est
549 1257 620 1332 ipsa
642 1262 794 1316 creatura
815 1256 911 1327 actio,
932 1258 969 1313 ut
989 1254 1091 1314 aDeo

82 1337 177 1411 prius
196 1335 381 1414 procedens
402 1335 569 1413 prioritate
598 1341 731 1406 nature,
763 1350 862 1412 quam
890 1333 1093 1411 concipiatur

81 1431 103 1474 a
126 1432 225 1477 causa
246 1413 392 1476 secunda
412 1413 605 1491 procedere.
636 1417 669 1476 2⁰
696 1416 789 1475 Juxta
818 1416 980 1475 ioannem
1011 1428 1030 1473 a
1057 1414 1090 1473 S.

80 1494 219 1565 Thema,
251 1499 302 1555 est
336 1495 473 1572 qualitas
513 1495 666 1572 potentiae
708 1496 817 1556 activae
859 1494 988 1569 tributa,
1031 1490 1092 1554 sed

82 1575 247 1638 transiens
268 1589 343 1635 cum
363 1576 434 1651 ipsa
464 1575 655 1651 operatione
687 1589 791 1634 cause
820 1570 974 1633 secundae
996 1577 1029 1634 et
1049 1572 1090 1633 ab

83 1653 206 1716 eadem
226 1653 387 1726 distincta,
411 1670 476 1731 qua
495 1655 599 1732 prima
631 1669 730 1713 causa
749 1648 871 1725 inuret,
896 1651 1093 1713 determinat

84 1738 119 1794 et
138 1732 276 1811 impellit
306 1733 488 1796 secundam
508 1733 551 1794 ad
571 1734 750 1808 agendum.
773 1733 805 1795 3⁰
824 1732 976 1809 Denique
997 1731 1093 1809 juxta

82 1814 262 1891 plerosque
282 1813 474 1885 Thomistas,
497 1812 790 1892 praedeterminatlo
813 1818 862 1873 est
882 1811 1091 1889 aliquotiens

82 1894 165 1969 (non
186 1895 269 1955 actio
292 1908 396 1955 causa
415 1892 568 1955 secunda
589 1897 645 1953 aut
665 1892 804 1969 qualitas
826 1889 942 1969 activa)
962 1894 1093 1951 incom-

83 1974 221 2049 pletum‚
244 1989 319 2033 cum
340 1975 529 2050 operatione
552 1988 655 2032 causae
684 1968 838 2032 secunda
859 1973 1030 2042 transiens
1059 1972 1093 2031 et

83 2052 158 2131 ejus
179 2054 333 2114 virtutem
353 2053 490 2113 activam
511 2052 680 2129 complens
702 2050 746 2112 ad
767 2051 982 2128 operandum.
1006 2048 1092 2123 Quid

80 2135 126 2193 sit
145 2133 227 2195 illud
249 2134 327 2193 ens?
346 2132 381 2193 id
401 2148 468 2196 non
494 2132 626 2192 omnino
649 2130 800 2192 distincte
823 2132 998 2208 explicant.
1025 2128 1091 2191 Sed

79 2212 207 2273 relictis
228 2211 289 2274 libs
310 2213 406 2274 variis
438 2211 710 2288 explicationibus
740 2209 1021 2273 considerabimus
1041 2210 1088 2287 ip-

81 2308 153 2352 sam
173 2292 547 2370 pradeterminationem
567 2290 751 2369 generatim
772 2295 948 2369 sumptam.

81 2414 153 2474 413.
177 2446 217 2458 -
236 2415 353 2474 Tarsis.
374 2415 668 2554 Pmdetessmissm‘)
684 2414 819 2491 physico
833 2430 896 2474 oon
910 2418 954 2474 cst
969 2414 1089 2474 admit-

544 2510 581 2553 cn
605 2510 637 2553 a.

123 2605 298 2666 Probatur.
325 2606 584 2684 sententiaque
611 2604 748 2666 adstnait
766 2620 837 2666 rem
857 2620 991 2683 prorsus
1015 2608 1091 2666 inu-

84 2686 185 2756 tilem,
207 2684 350 2746 libertati
370 2690 484 2746 creatae
502 2686 664 2765 nocivam,
694 2684 806 2747 divina
827 2686 987 2746 sanctitati
1016 2685 1090 2761 plus

82 2764 232 2825 minusve
253 2769 507 2844 repugnantem,
531 2763 727 2825 eliminanda
750 2768 813 2825 est.
841 2764 939 2842 Atqui
960 2764 1031 2825 talis
1044 2766 1089 2826 ii-

85 2842 183 2905 detnr
203 2846 366 2906 sententia
388 2861 459 2923 quae
483 2845 727 2921 premotionem
747 2844 917 2923 physicam
938 2842 1086 2905 adstruit.

82 2926 167 3003 Ergo
190 2927 355 3001 praemotio
378 2926 513 3004 physica
535 2940 601 2984 non
625 2929 676 2983 est
697 2921 908 2985 admittenda.

125 3006 154 3065 l⁰
174 3005 230 3066 Est
250 3006 384 3078 inutilis,
407 3020 488 3066 nam
505 3004 576 3065 sine
597 3004 653 3064 tali
674 3004 895 3079 premotione,
920 3018 1017 3064 causa
1033 3017 1089 3063 se-

85 3083 193 3145 cunda
214 3087 266 3146 est
286 3086 432 3161 proxime
465 3082 621 3162 disposita
651 3081 693 3143 ad
719 3082 886 3161 agendum
909 3099 983 3143 cum
1004 3080 1089 3144 ordi·

82 3165 174 3226 nario
205 3163 265 3225 Dei
297 3180 470 3236 concursu,
501 3163 557 3242 qui
587 3161 685 3224 etiam
716 3160 832 3224 sufficit
853 3161 896 3223 ad
923 3162 1088 3238 explican-

83 3241 158 3302 dam
194 3244 404 3305 essentialem
443 3259 547 3304 causae
588 3240 742 3303 secunda
783 3236 1090 3303 subordinationem

81 3328 236 3399 respectu
256 3322 378 3400 primae.
400 3324 484 3402 Ergo
505 3320 636 3384 ridetur
655 3322 787 3393 inutilis,
811 3338 848 3383 ac
870 3320 1008 3400 proinde
1031 3321 1091 3383 eli·

81 3400 248 3474 minanda,
267 3405 363 3482 juxta
384 3402 516 3464 effatum
538 3401 659 3463 Schola
683 3421 690 3461 :
712 3401 805 3462 Entia
825 3417 893 3464 non
913 3405 991 3463 sunt
1007 3400 1090 3462 mul·

84 3481 259 3557 tiphcanda
280 3484 352 3544 sine
373 3482 582 3543 necessitate.

119 3562 152 3622 2⁰
172 3562 226 3623 list
245 3564 359 3624 noctua
382 3562 535 3623 libertati.
567 3560 710 3622 Libertas
739 3558 885 3621 consistit
903 3560 938 3621 in
956 3559 1087 3623 indific-

82 3641 197 3717 rentia,
222 3657 287 3720 qua
307 3641 457 3704 voluntas
485 3643 596 3719 potest
625 3656 738 3721 agere,
760 3639 813 3703 rel
833 3654 901 3703 non
918 3654 1030 3719 agere,
1054 3643 1088 3702 et
