<?xml version="1.0" encoding="UTF-8"?>
<!DOCTYPE html PUBLIC "-//W3C//DTD XHTML 1.0 Transitional//EN"
    "http://www.w3.org/TR/xhtml1/DTD/xhtml1-transitional.dtd">
<html xmlns="http://www.w3.org/1999/xhtml" xml:lang="en" lang="en">
 <head>
  <title>
</title>
<meta http-equiv="Content-Type" content="text/html;charset=utf-8" />
  <meta name='ocr-system' content='tesseract 3.04.00' />
  <meta name='ocr-capabilities' content='ocr_page ocr_carea ocr_par ocr_line ocrx_word'/>
</head>
<body>
  <div class='ocr_page' id='page_1' title='image "./brevariumphilos01grangoog_0026.png"; bbox 0 0 2650 4242; ppageno 0'>
   <div class='ocr_carea' id='block_1_1' title="bbox 188 233 899 294">
    <p class='ocr_par' dir='ltr' id='par_1_1' title="bbox 188 233 899 294">
     <span class='ocr_line' id='line_1_1' title="bbox 188 233 899 294; baseline 0.003 -2"><span class='ocrx_word' id='word_1_1' title='bbox 188 233 206 292; x_wconf 80' lang='lat'><em>8</em></span> <span class='ocrx_word' id='word_1_2' title='bbox 496 251 675 294; x_wconf 77' lang='lat' dir='ltr'>unnvrinrou</span> <span class='ocrx_word' id='word_1_3' title='bbox 696 248 899 294; x_wconf 66' lang='lat' dir='ltr'>rrrrcosenma</span> 
     </span>
    </p>
   </div>
   <div class='ocr_carea' id='block_1_2' title="bbox 105 363 1227 2422">
    <p class='ocr_par' dir='ltr' id='par_1_2' title="bbox 105 363 1227 1162">
     <span class='ocr_line' id='line_1_2' title="bbox 133 363 1203 444; baseline 0 -18"><span class='ocrx_word' id='word_1_4' title='bbox 133 385 136 392; x_wconf 63' lang='grc'><strong>“</strong></span> <span class='ocrx_word' id='word_1_5' title='bbox 188 366 312 444; x_wconf 86' lang='lat' dir='ltr'>petitur</span> <span class='ocrx_word' id='word_1_6' title='bbox 334 365 373 424; x_wconf 91' lang='lat' dir='ltr'>ah</span> <span class='ocrx_word' id='word_1_7' title='bbox 399 365 471 441; x_wconf 87' lang='lat' dir='ltr'>ipsa</span> <span class='ocrx_word' id='word_1_8' title='bbox 495 363 740 440; x_wconf 89' lang='lat' dir='ltr'>disciplinarum</span> <span class='ocrx_word' id='word_1_9' title='bbox 767 364 890 425; x_wconf 90' lang='lat' dir='ltr'>indole.</span> <span class='ocrx_word' id='word_1_10' title='bbox 916 364 1203 442; x_wconf 86' lang='lat' dir='ltr'>l⁰Asimpliciori·</span> 
     </span>
     <span class='ocr_line' id='line_1_3' title="bbox 105 443 1203 523; baseline -0.002 -17"><span class='ocrx_word' id='word_1_11' title='bbox 105 468 106 471; x_wconf 42' lang='lat'>¹</span> <span class='ocrx_word' id='word_1_12' title='bbox 188 447 251 506; x_wconf 89' lang='lat' dir='ltr'>hus</span> <span class='ocrx_word' id='word_1_13' title='bbox 273 445 315 504; x_wconf 90' lang='lat' dir='ltr'>ad</span> <span class='ocrx_word' id='word_1_14' title='bbox 337 445 450 504; x_wconf 87' lang='lat' dir='ltr'>altiora</span> <span class='ocrx_word' id='word_1_15' title='bbox 467 450 501 504; x_wconf 86' lang='lat' dir='ltr'>et</span> <span class='ocrx_word' id='word_1_16' title='bbox 515 445 620 522; x_wconf 89' lang='lat' dir='ltr'>magis</span> <span class='ocrx_word' id='word_1_17' title='bbox 636 446 831 522; x_wconf 87' lang='lat' dir='ltr'>composita,</span> <span class='ocrx_word' id='word_1_18' title='bbox 849 461 868 505; x_wconf 91' lang='lat' dir='ltr'>a</span> <span class='ocrx_word' id='word_1_19' title='bbox 889 445 1057 523; x_wconf 82' lang='lat' dir='ltr'>principiis</span> <span class='ocrx_word' id='word_1_20' title='bbox 1079 448 1113 505; x_wconf 89' lang='lat' dir='ltr'>et</span> <span class='ocrx_word' id='word_1_21' title='bbox 1128 443 1203 505; x_wconf 84' lang='lat' dir='ltr'>fon·</span> 
     </span>
     <span class='ocr_line' id='line_1_4' title="bbox 189 523 1206 602; baseline -0.004 -16"><span class='ocrx_word' id='word_1_22' title='bbox 189 527 275 586; x_wconf 86' lang='lat' dir='ltr'>tihus</span> <span class='ocrx_word' id='word_1_23' title='bbox 291 525 332 585; x_wconf 88' lang='lat' dir='ltr'>ad</span> <span class='ocrx_word' id='word_1_24' title='bbox 355 526 584 586; x_wconf 80' lang='lat' dir='ltr'>conclusiones</span> <span class='ocrx_word' id='word_1_25' title='bbox 601 528 633 584; x_wconf 88' lang='lat' dir='ltr'>et</span> <span class='ocrx_word' id='word_1_26' title='bbox 653 523 784 585; x_wconf 84' lang='lat' dir='ltr'>effluvia</span> <span class='ocrx_word' id='word_1_27' title='bbox 798 525 957 602; x_wconf 80' lang='lat' dir='ltr'>progredi</span> <span class='ocrx_word' id='word_1_28' title='bbox 978 525 1079 586; x_wconf 91' lang='lat' dir='ltr'>debet</span> <span class='ocrx_word' id='word_1_29' title='bbox 1098 524 1206 584; x_wconf 88' lang='lat' dir='ltr'>omnis</span> 
     </span>
     <span class='ocr_line' id='line_1_5' title="bbox 190 604 1205 683; baseline -0.003 -17"><span class='ocrx_word' id='word_1_30' title='bbox 190 607 340 666; x_wconf 89' lang='lat' dir='ltr'>scientia.</span> <span class='ocrx_word' id='word_1_31' title='bbox 362 605 460 680; x_wconf 82' lang='lat' dir='ltr'>Atqui</span> <span class='ocrx_word' id='word_1_32' title='bbox 495 604 673 682; x_wconf 84' lang='lat' dir='ltr'>simplicior</span> <span class='ocrx_word' id='word_1_33' title='bbox 708 608 741 664; x_wconf 88' lang='lat' dir='ltr'>et</span> <span class='ocrx_word' id='word_1_34' title='bbox 763 605 890 680; x_wconf 84' lang='lat' dir='ltr'>planior</span> <span class='ocrx_word' id='word_1_35' title='bbox 915 610 966 666; x_wconf 90' lang='lat' dir='ltr'>cst</span> <span class='ocrx_word' id='word_1_36' title='bbox 994 607 1113 683; x_wconf 91' lang='lat' dir='ltr'>Logica</span> <span class='ocrx_word' id='word_1_37' title='bbox 1135 618 1205 680; x_wconf 87' lang='lat' dir='ltr'>prae</span> 
     </span>
     <span class='ocr_line' id='line_1_6' title="bbox 191 683 1204 760; baseline -0.002 -14"><span class='ocrx_word' id='word_1_38' title='bbox 191 686 261 746; x_wconf 90' lang='lat' dir='ltr'>aliis</span> <span class='ocrx_word' id='word_1_39' title='bbox 273 685 461 760; x_wconf 88' lang='lat' dir='ltr'>disciplinis,</span> <span class='ocrx_word' id='word_1_40' title='bbox 473 689 681 760; x_wconf 86' lang='lat' dir='ltr'>etpraeterea</span> <span class='ocrx_word' id='word_1_41' title='bbox 700 685 806 760; x_wconf 90' lang='lat' dir='ltr'>aperit</span> <span class='ocrx_word' id='word_1_42' title='bbox 826 683 935 746; x_wconf 85' lang='lat' dir='ltr'>fontes</span> <span class='ocrx_word' id='word_1_43' title='bbox 953 685 1098 746; x_wconf 85' lang='lat' dir='ltr'>veritatis</span> <span class='ocrx_word' id='word_1_44' title='bbox 1115 699 1204 744; x_wconf 88' lang='lat' dir='ltr'>asse-</span> 
     </span>
     <span class='ocr_line' id='line_1_7' title="bbox 192 764 1202 843; baseline -0.001 -18"><span class='ocrx_word' id='word_1_45' title='bbox 192 765 341 843; x_wconf 76' lang='lat' dir='ltr'>quenda,</span> <span class='ocrx_word' id='word_1_46' title='bbox 358 767 480 840; x_wconf 81' lang='lat' dir='ltr'>praehet</span> <span class='ocrx_word' id='word_1_47' title='bbox 491 765 601 825; x_wconf 91' lang='lat' dir='ltr'>media</span> <span class='ocrx_word' id='word_1_48' title='bbox 620 780 736 825; x_wconf 83' lang='lat' dir='ltr'>verum</span> <span class='ocrx_word' id='word_1_49' title='bbox 751 768 921 841; x_wconf 84' lang='lat' dir='ltr'>cognitum</span> <span class='ocrx_word' id='word_1_50' title='bbox 937 764 1202 833; x_wconf 88' lang='lat' dir='ltr'>demonstrandi;</span> 
     </span>
     <span class='ocr_line' id='line_1_8' title="bbox 192 844 1227 922; baseline -0.004 -16"><span class='ocrx_word' id='word_1_51' title='bbox 192 847 263 906; x_wconf 84' lang='lat' dir='ltr'>aliae</span> <span class='ocrx_word' id='word_1_52' title='bbox 281 846 373 904; x_wconf 88' lang='lat' dir='ltr'>enim</span> <span class='ocrx_word' id='word_1_53' title='bbox 390 844 565 921; x_wconf 86' lang='lat' dir='ltr'>discipline</span> <span class='ocrx_word' id='word_1_54' title='bbox 591 845 767 920; x_wconf 79' lang='lat' dir='ltr'>exquirunt</span> <span class='ocrx_word' id='word_1_55' title='bbox 787 845 1012 906; x_wconf 89' lang='lat' dir='ltr'>acutissimum</span> <span class='ocrx_word' id='word_1_56' title='bbox 1032 844 1227 922; x_wconf 85' lang='lat' dir='ltr'>ingenium</span> 
     </span>
     <span class='ocr_line' id='line_1_9' title="bbox 193 924 1201 1002; baseline -0.003 -16"><span class='ocrx_word' id='word_1_57' title='bbox 193 931 226 986; x_wconf 83' lang='lat' dir='ltr'>et</span> <span class='ocrx_word' id='word_1_58' title='bbox 245 924 522 984; x_wconf 89' lang='lat' dir='ltr'>accuratissimam</span> <span class='ocrx_word' id='word_1_59' title='bbox 541 925 713 1002; x_wconf 86' lang='lat' dir='ltr'>analysim,</span> <span class='ocrx_word' id='word_1_60' title='bbox 737 941 775 983; x_wconf 89' lang='lat' dir='ltr'>ac</span> <span class='ocrx_word' id='word_1_61' title='bbox 800 925 939 1001; x_wconf 86' lang='lat' dir='ltr'>proinde</span> <span class='ocrx_word' id='word_1_62' title='bbox 977 931 1106 985; x_wconf 88' lang='lat' dir='ltr'>rectum</span> <span class='ocrx_word' id='word_1_63' title='bbox 1130 941 1201 984; x_wconf 89' lang='lat' dir='ltr'>cer·</span> 
     </span>
     <span class='ocr_line' id='line_1_10' title="bbox 192 1004 1206 1084; baseline -0.002 -19"><span class='ocrx_word' id='word_1_64' title='bbox 192 1011 330 1082; x_wconf 85' lang='lat' dir='ltr'>tumque</span> <span class='ocrx_word' id='word_1_65' title='bbox 371 1019 467 1064; x_wconf 90' lang='lat' dir='ltr'>usum</span> <span class='ocrx_word' id='word_1_66' title='bbox 502 1004 700 1077; x_wconf 91' lang='lat' dir='ltr'>mediorum.</span> <span class='ocrx_word' id='word_1_67' title='bbox 733 1004 817 1080; x_wconf 86' lang='lat' dir='ltr'>Ergo</span> <span class='ocrx_word' id='word_1_68' title='bbox 856 1007 975 1084; x_wconf 90' lang='lat' dir='ltr'>Logica</span> <span class='ocrx_word' id='word_1_69' title='bbox 999 1007 1123 1082; x_wconf 81' lang='lat' dir='ltr'>praevia</span> <span class='ocrx_word' id='word_1_70' title='bbox 1154 1007 1206 1064; x_wconf 87' lang='lat' dir='ltr'>cst</span> 
     </span>
     <span class='ocr_line' id='line_1_11' title="bbox 192 1083 1109 1162; baseline -0.005 -16"><span class='ocrx_word' id='word_1_71' title='bbox 192 1098 346 1160; x_wconf 82' lang='lat' dir='ltr'>respectu</span> <span class='ocrx_word' id='word_1_72' title='bbox 370 1084 600 1162; x_wconf 79' lang='lat' dir='ltr'>ltetaphysicae</span> <span class='ocrx_word' id='word_1_73' title='bbox 625 1089 657 1144; x_wconf 86' lang='lat' dir='ltr'>et</span> <span class='ocrx_word' id='word_1_74' title='bbox 679 1083 813 1143; x_wconf 82' lang='lat' dir='ltr'>Ethicae.</span> <span class='ocrx_word' id='word_1_75' title='bbox 1107 1145 1109 1149; x_wconf 70' lang='grc'>,</span> 
     </span>
    </p>

    <p class='ocr_par' dir='ltr' id='par_1_3' title="bbox 192 1163 1209 1642">
     <span class='ocr_line' id='line_1_12' title="bbox 232 1163 1203 1242; baseline -0.003 -18"><span class='ocrx_word' id='word_1_76' title='bbox 232 1167 264 1224; x_wconf 73' lang='lat'>2⁰</span> <span class='ocrx_word' id='word_1_77' title='bbox 277 1165 500 1242; x_wconf 88' lang='lat' dir='ltr'>Melaphysica</span> <span class='ocrx_word' id='word_1_78' title='bbox 510 1165 670 1224; x_wconf 86' lang='lat' dir='ltr'>inordine</span> <span class='ocrx_word' id='word_1_79' title='bbox 683 1163 878 1240; x_wconf 73' lang='lat' dir='ltr'>cognitionis</span> <span class='ocrx_word' id='word_1_80' title='bbox 891 1168 1024 1223; x_wconf 86' lang='lat' dir='ltr'>estante</span> <span class='ocrx_word' id='word_1_81' title='bbox 1035 1163 1203 1232; x_wconf 80' lang='lat' dir='ltr'>Moralem,</span> 
     </span>
     <span class='ocr_line' id='line_1_13' title="bbox 192 1239 1206 1322; baseline -0.002 -18"><span class='ocrx_word' id='word_1_82' title='bbox 192 1245 246 1304; x_wconf 87' lang='lat' dir='ltr'>cui</span> <span class='ocrx_word' id='word_1_83' title='bbox 269 1244 493 1305; x_wconf 83' lang='lat' dir='ltr'>subministrat</span> <span class='ocrx_word' id='word_1_84' title='bbox 522 1243 691 1320; x_wconf 89' lang='lat' dir='ltr'>principia.</span> <span class='ocrx_word' id='word_1_85' title='bbox 715 1239 942 1322; x_wconf 72' lang='lat' dir='ltr'>Melaphysica&#39;</span> <span class='ocrx_word' id='word_1_86' title='bbox 955 1244 1043 1302; x_wconf 90' lang='lat' dir='ltr'>enim</span> <span class='ocrx_word' id='word_1_87' title='bbox 1052 1247 1206 1303; x_wconf 88' lang='lat' dir='ltr'>naturam</span> 
     </span>
     <span class='ocr_line' id='line_1_14' title="bbox 193 1321 1209 1400; baseline -0.006 -14"><span class='ocrx_word' id='word_1_88' title='bbox 193 1321 1209 1400; x_wconf 81' lang='lat' dir='ltr'>rerumperpenditseuverumenucleat..Atquillthicanequit</span> 
     </span>
     <span class='ocr_line' id='line_1_15' title="bbox 193 1401 1204 1482; baseline -0.005 -17"><span class='ocrx_word' id='word_1_89' title='bbox 193 1406 340 1465; x_wconf 84' lang='lat' dir='ltr'>actiones</span> <span class='ocrx_word' id='word_1_90' title='bbox 361 1409 452 1464; x_wconf 88' lang='lat' dir='ltr'>recte</span> <span class='ocrx_word' id='word_1_91' title='bbox 481 1403 634 1482; x_wconf 87' lang='lat' dir='ltr'>dirigere,</span> <span class='ocrx_word' id='word_1_92' title='bbox 672 1418 738 1463; x_wconf 90' lang='lat' dir='ltr'>scu</span> <span class='ocrx_word' id='word_1_93' title='bbox 762 1404 849 1463; x_wconf 87' lang='lat' dir='ltr'>entia</span> <span class='ocrx_word' id='word_1_94' title='bbox 869 1402 912 1462; x_wconf 92' lang='lat' dir='ltr'>ad</span> <span class='ocrx_word' id='word_1_95' title='bbox 926 1401 1026 1463; x_wconf 88' lang='lat' dir='ltr'>finem</span> <span class='ocrx_word' id='word_1_96' title='bbox 1041 1402 1204 1471; x_wconf 79' lang='lat' dir='ltr'>ordinare,</span> 
     </span>
     <span class='ocr_line' id='line_1_16' title="bbox 194 1481 1206 1562; baseline -0.004 -18"><span class='ocrx_word' id='word_1_97' title='bbox 194 1485 272 1562; x_wconf 89' lang='lat' dir='ltr'>quin</span> <span class='ocrx_word' id='word_1_98' title='bbox 288 1489 467 1561; x_wconf 87' lang='lat' dir='ltr'>cognoscat</span> <span class='ocrx_word' id='word_1_99' title='bbox 492 1485 610 1544; x_wconf 87' lang='lat' dir='ltr'>horum</span> <span class='ocrx_word' id='word_1_100' title='bbox 633 1484 757 1543; x_wconf 87' lang='lat' dir='ltr'>entium</span> <span class='ocrx_word' id='word_1_101' title='bbox 772 1487 924 1542; x_wconf 86' lang='lat' dir='ltr'>naturam</span> <span class='ocrx_word' id='word_1_102' title='bbox 941 1486 974 1542; x_wconf 89' lang='lat' dir='ltr'>et</span> <span class='ocrx_word' id='word_1_103' title='bbox 986 1481 1099 1543; x_wconf 91' lang='lat' dir='ltr'>finem.</span> <span class='ocrx_word' id='word_1_104' title='bbox 1121 1483 1206 1559; x_wconf 83' lang='lat' dir='ltr'>Ergo</span> 
     </span>
     <span class='ocr_line' id='line_1_17' title="bbox 192 1563 981 1642; baseline -0.001 -16"><span class='ocrx_word' id='word_1_105' title='bbox 192 1563 415 1642; x_wconf 85' lang='lat' dir='ltr'>Metaphysica</span> <span class='ocrx_word' id='word_1_106' title='bbox 430 1564 551 1640; x_wconf 87' lang='lat' dir='ltr'>praevia</span> <span class='ocrx_word' id='word_1_107' title='bbox 574 1567 621 1624; x_wconf 88' lang='lat' dir='ltr'>est</span> <span class='ocrx_word' id='word_1_108' title='bbox 644 1567 801 1640; x_wconf 88' lang='lat' dir='ltr'>respectu</span> <span class='ocrx_word' id='word_1_109' title='bbox 813 1563 950 1623; x_wconf 73' lang='lat' dir='ltr'>ethicae.</span> <span class='ocrx_word' id='word_1_110' title='bbox 979 1622 981 1625; x_wconf 84' lang='lat'>.</span> 
     </span>
    </p>

    <p class='ocr_par' dir='ltr' id='par_1_4' title="bbox 132 1638 1211 2422">
     <span class='ocr_line' id='line_1_18' title="bbox 233 1638 1209 1719; baseline -0.005 -14"><span class='ocrx_word' id='word_1_111' title='bbox 233 1645 263 1705; x_wconf 88' lang='lat'>9.</span> <span class='ocrx_word' id='word_1_112' title='bbox 288 1677 326 1685; x_wconf 84' lang='lat'>—</span> <span class='ocrx_word' id='word_1_113' title='bbox 348 1643 511 1704; x_wconf 90' lang='lat' dir='ltr'>Praeterea</span> <span class='ocrx_word' id='word_1_114' title='bbox 526 1645 576 1705; x_wconf 90' lang='lat' dir='ltr'>hic</span> <span class='ocrx_word' id='word_1_115' title='bbox 599 1644 680 1704; x_wconf 89' lang='lat' dir='ltr'>ordo</span> <span class='ocrx_word' id='word_1_116' title='bbox 693 1645 834 1719; x_wconf 91' lang='lat' dir='ltr'>partium</span> <span class='ocrx_word' id='word_1_117' title='bbox 855 1641 1072 1718; x_wconf 71' lang='lat' dir='ltr'>Philosophiae</span> <span class='ocrx_word' id='word_1_118' title='bbox 1088 1638 1209 1702; x_wconf 86' lang='lat' dir='ltr'>confir·</span> 
     </span>
     <span class='ocr_line' id='line_1_19' title="bbox 193 1720 1208 1800; baseline -0.004 -18"><span class='ocrx_word' id='word_1_119' title='bbox 193 1723 302 1784; x_wconf 89' lang='lat' dir='ltr'>matur</span> <span class='ocrx_word' id='word_1_120' title='bbox 346 1724 500 1800; x_wconf 79' lang='lat' dir='ltr'>sequenti</span> <span class='ocrx_word' id='word_1_121' title='bbox 537 1723 803 1784; x_wconf 78' lang='lat' dir='ltr'>considerat-ione</span> <span class='ocrx_word' id='word_1_122' title='bbox 851 1742 858 1782; x_wconf 90' lang='lat'>:</span> <span class='ocrx_word' id='word_1_123' title='bbox 899 1722 1106 1798; x_wconf 84' lang='lat' dir='ltr'>Philosophia</span> <span class='ocrx_word' id='word_1_124' title='bbox 1147 1720 1208 1779; x_wconf 81' lang='lat' dir='ltr'>tria</span> 
     </span>
     <span class='ocr_line' id='line_1_20' title="bbox 146 1801 1206 1880; baseline 0.003 -18"><span class='ocrx_word' id='word_1_125' title='bbox 146 1841 148 1844; x_wconf 94' lang='lat'>-</span> <span class='ocrx_word' id='word_1_126' title='bbox 193 1803 327 1880; x_wconf 87' lang='lat' dir='ltr'>respicit</span> <span class='ocrx_word' id='word_1_127' title='bbox 346 1822 351 1862; x_wconf 96' lang='lat'><strong>:</strong></span> <span class='ocrx_word' id='word_1_128' title='bbox 371 1804 400 1860; x_wconf 88' lang='grc' dir='ltr'>1Ο</span> <span class='ocrx_word' id='word_1_129' title='bbox 416 1801 566 1864; x_wconf 87' lang='lat' dir='ltr'>ordinem</span> <span class='ocrx_word' id='word_1_130' title='bbox 589 1807 821 1880; x_wconf 84' lang='lat' dir='ltr'>conceptuum,</span> <span class='ocrx_word' id='word_1_131' title='bbox 852 1804 884 1862; x_wconf 76' lang='lat'>2⁰</span> <span class='ocrx_word' id='word_1_132' title='bbox 912 1802 1063 1862; x_wconf 86' lang='lat' dir='ltr'>ordinem</span> <span class='ocrx_word' id='word_1_133' title='bbox 1083 1816 1206 1865; x_wconf 68' lang='lat' dir='ltr'>rerum,</span> 
     </span>
     <span class='ocr_line' id='line_1_21' title="bbox 194 1880 1206 1958; baseline -0.005 -15"><span class='ocrx_word' id='word_1_134' title='bbox 194 1884 225 1943; x_wconf 86' lang='lat'>3⁰</span> <span class='ocrx_word' id='word_1_135' title='bbox 237 1883 384 1942; x_wconf 86' lang='lat' dir='ltr'>ordinem</span> <span class='ocrx_word' id='word_1_136' title='bbox 396 1884 479 1943; x_wconf 90' lang='lat' dir='ltr'>entis</span> <span class='ocrx_word' id='word_1_137' title='bbox 492 1883 706 1958; x_wconf 77' lang='lat' dir='ltr'>concipientis</span> <span class='ocrx_word' id='word_1_138' title='bbox 719 1888 751 1943; x_wconf 89' lang='lat' dir='ltr'>et</span> <span class='ocrx_word' id='word_1_139' title='bbox 761 1885 889 1958; x_wconf 86' lang='lat' dir='ltr'>agentis</span> <span class='ocrx_word' id='word_1_140' title='bbox 900 1880 942 1940; x_wconf 90' lang='lat' dir='ltr'>ad</span> <span class='ocrx_word' id='word_1_141' title='bbox 952 1898 1006 1942; x_wconf 91' lang='lat' dir='ltr'>res</span> <span class='ocrx_word' id='word_1_142' title='bbox 1017 1883 1206 1955; x_wconf 81' lang='lat' dir='ltr'>conceptas</span> 
     </span>
     <span class='ocr_line' id='line_1_22' title="bbox 194 1960 1209 2039; baseline -0.004 -17"><span class='ocrx_word' id='word_1_143' title='bbox 194 1963 292 2038; x_wconf 86' lang='lat' dir='ltr'>Atqui</span> <span class='ocrx_word' id='word_1_144' title='bbox 319 1963 492 2034; x_wconf 65' lang='lat' dir='ltr'>homno).</span> <span class='ocrx_word' id='word_1_145' title='bbox 508 1979 586 2022; x_wconf 91' lang='lat' dir='ltr'>suos</span> <span class='ocrx_word' id='word_1_146' title='bbox 616 1961 716 2023; x_wconf 83' lang='lat' dir='ltr'>dehet</span> <span class='ocrx_word' id='word_1_147' title='bbox 749 1977 869 2039; x_wconf 89' lang='lat' dir='ltr'>regere</span> <span class='ocrx_word' id='word_1_148' title='bbox 891 1966 1072 2038; x_wconf 87' lang='lat' dir='ltr'>conceptus</span> <span class='ocrx_word' id='word_1_149' title='bbox 1102 1960 1209 2019; x_wconf 88' lang='lat' dir='ltr'>:hinc</span> 
     </span>
     <span class='ocr_line' id='line_1_23' title="bbox 195 2039 1209 2120; baseline -0.004 -18"><span class='ocrx_word' id='word_1_150' title='bbox 195 2043 324 2120; x_wconf 88' lang='lat' dir='ltr'>Logica.</span> <span class='ocrx_word' id='word_1_151' title='bbox 343 2039 372 2120; x_wconf 85' lang='lat' dir='ltr'>d)</span> <span class='ocrx_word' id='word_1_152' title='bbox 388 2043 432 2101; x_wconf 81' lang='lat' dir='ltr'>Er</span> <span class='ocrx_word' id='word_1_153' title='bbox 446 2047 535 2105; x_wconf 88' lang='lat' dir='ltr'>recto</span> <span class='ocrx_word' id='word_1_154' title='bbox 558 2057 621 2102; x_wconf 87' lang='lat' dir='ltr'>usu</span> <span class='ocrx_word' id='word_1_155' title='bbox 642 2041 864 2118; x_wconf 78' lang='lat' dir='ltr'>conceptuum</span> <span class='ocrx_word' id='word_1_156' title='bbox 888 2041 1080 2101; x_wconf 86' lang='lat' dir='ltr'>naturaliter</span> <span class='ocrx_word' id='word_1_157' title='bbox 1100 2039 1209 2116; x_wconf 85' lang='lat' dir='ltr'>pergit</span> 
     </span>
     <span class='ocr_line' id='line_1_24' title="bbox 132 2118 1209 2199; baseline -0.004 -17"><span class='ocrx_word' id='word_1_158' title='bbox 132 2122 136 2128; x_wconf 83' lang='grc'><strong>’</strong></span> <span class='ocrx_word' id='word_1_159' title='bbox 196 2121 237 2182; x_wconf 92' lang='lat' dir='ltr'>ad</span> <span class='ocrx_word' id='word_1_160' title='bbox 252 2121 501 2199; x_wconf 82' lang='lat' dir='ltr'>indagationem</span> <span class='ocrx_word' id='word_1_161' title='bbox 516 2139 622 2182; x_wconf 87' lang='lat' dir='ltr'>rerum</span> <span class='ocrx_word' id='word_1_162' title='bbox 649 2143 655 2181; x_wconf 90' lang='lat'>:</span> <span class='ocrx_word' id='word_1_163' title='bbox 672 2123 748 2181; x_wconf 92' lang='lat' dir='ltr'>hinc</span> <span class='ocrx_word' id='word_1_164' title='bbox 763 2121 996 2198; x_wconf 87' lang='lat' dir='ltr'>lletaphysica.</span> <span class='ocrx_word' id='word_1_165' title='bbox 1022 2121 1060 2180; x_wconf 84' lang='lat' dir='ltr'>Et</span> <span class='ocrx_word' id='word_1_166' title='bbox 1075 2118 1209 2179; x_wconf 89' lang='lat' dir='ltr'>landem</span> 
     </span>
     <span class='ocr_line' id='line_1_25' title="bbox 196 2199 1210 2279; baseline -0.003 -18"><span class='ocrx_word' id='word_1_167' title='bbox 196 2199 222 2279; x_wconf 81' lang='lat' dir='ltr'>c)</span> <span class='ocrx_word' id='word_1_168' title='bbox 239 2202 421 2278; x_wconf 88' lang='lat' dir='ltr'>perspectis</span> <span class='ocrx_word' id='word_1_169' title='bbox 436 2219 546 2262; x_wconf 92' lang='lat' dir='ltr'>rerum</span> <span class='ocrx_word' id='word_1_170' title='bbox 559 2203 683 2262; x_wconf 86' lang='lat' dir='ltr'>naturis</span> <span class='ocrx_word' id='word_1_171' title='bbox 696 2207 729 2273; x_wconf 84' lang='lat' dir='ltr'>et</span> <span class='ocrx_word' id='word_1_172' title='bbox 743 2201 1009 2277; x_wconf 71' lang='lat' dir='ltr'>proprietatibus</span> <span class='ocrx_word' id='word_1_173' title='bbox 1026 2200 1069 2261; x_wconf 91' lang='lat' dir='ltr'>ad</span> <span class='ocrx_word' id='word_1_174' title='bbox 1080 2199 1210 2259; x_wconf 88' lang='lat' dir='ltr'>mutuas</span> 
     </span>
     <span class='ocr_line' id='line_1_26' title="bbox 197 2278 1211 2358; baseline -0.002 -18"><span class='ocrx_word' id='word_1_175' title='bbox 197 2283 320 2341; x_wconf 87' lang='lat' dir='ltr'>entium</span> <span class='ocrx_word' id='word_1_176' title='bbox 335 2283 512 2342; x_wconf 89' lang='lat' dir='ltr'>relationes</span> <span class='ocrx_word' id='word_1_177' title='bbox 533 2287 565 2342; x_wconf 87' lang='lat' dir='ltr'>et</span> <span class='ocrx_word' id='word_1_178' title='bbox 586 2298 706 2358; x_wconf 79' lang='lat' dir='ltr'>praxes</span> <span class='ocrx_word' id='word_1_179' title='bbox 719 2281 839 2343; x_wconf 87' lang='lat' dir='ltr'>exinde</span> <span class='ocrx_word' id='word_1_180' title='bbox 850 2282 983 2342; x_wconf 88' lang='lat' dir='ltr'>obortas</span> <span class='ocrx_word' id='word_1_181' title='bbox 997 2278 1211 2342; x_wconf 88' lang='lat' dir='ltr'>stabiliendas</span> 
     </span>
     <span class='ocr_line' id='line_1_27' title="bbox 195 2361 598 2422; baseline 0.002 -2"><span class='ocrx_word' id='word_1_182' title='bbox 195 2361 325 2422; x_wconf 89' lang='lat' dir='ltr'>ducitur</span> <span class='ocrx_word' id='word_1_183' title='bbox 348 2381 355 2421; x_wconf 76' lang='grc' dir='ltr'><strong><em>ε</em></strong></span> <span class='ocrx_word' id='word_1_184' title='bbox 380 2362 454 2421; x_wconf 89' lang='lat' dir='ltr'>hinc</span> <span class='ocrx_word' id='word_1_185' title='bbox 475 2362 598 2422; x_wconf 86' lang='lat' dir='ltr'>Ethica.</span> 
     </span>
    </p>
   </div>
   <div class='ocr_carea' id='block_1_3' title="bbox 0 0 1348 4242">
    <p class='ocr_par' dir='ltr' id='par_1_5' title="bbox 0 0 1348 4242">
     <span class='ocr_line' id='line_1_28' title="bbox 0 0 1348 4242; baseline 0 0"><span class='ocrx_word' id='word_1_186' title='bbox 0 0 1348 4242; x_wconf 95' lang='lat' dir='ltr'> </span> 
     </span>
    </p>
   </div>
  </div>
 </body>
</html>
