<?xml version="1.0" encoding="UTF-8"?>
<!DOCTYPE html PUBLIC "-//W3C//DTD XHTML 1.0 Transitional//EN"
    "http://www.w3.org/TR/xhtml1/DTD/xhtml1-transitional.dtd">
<html xmlns="http://www.w3.org/1999/xhtml" xml:lang="en" lang="en">
 <head>
  <title>
</title>
<meta http-equiv="Content-Type" content="text/html;charset=utf-8" />
  <meta name='ocr-system' content='tesseract 3.04.00' />
  <meta name='ocr-capabilities' content='ocr_page ocr_carea ocr_par ocr_line ocrx_word'/>
</head>
<body>
  <div class='ocr_page' id='page_1' title='image "./brevariumphilos01grangoog_0163.png"; bbox 0 0 2650 4242; ppageno 0'>
   <div class='ocr_carea' id='block_1_1' title="bbox 455 264 1098 327">
    <p class='ocr_par' dir='ltr' id='par_1_1' title="bbox 455 264 1098 327">
     <span class='ocr_line' id='line_1_1' title="bbox 455 264 1098 327; baseline 0.006 -4"><span class='ocrx_word' id='word_1_1' title='bbox 455 279 571 324; x_wconf 76' lang='grc'><strong>000100</strong></span> <span class='ocrx_word' id='word_1_2' title='bbox 592 281 664 325; x_wconf 75' lang='lat' dir='ltr'>rans</span> <span class='ocrx_word' id='word_1_3' title='bbox 687 283 717 324; x_wconf 87' lang='lat' dir='ltr'>n.</span> <span class='ocrx_word' id='word_1_4' title='bbox 1040 264 1098 327; x_wconf 82' lang='grc'>145</span> 
     </span>
    </p>
   </div>
   <div class='ocr_carea' id='block_1_2' title="bbox 66 391 1101 3751">
    <p class='ocr_par' dir='ltr' id='par_1_2' title="bbox 69 391 1095 534">
     <span class='ocr_line' id='line_1_2' title="bbox 71 391 1095 459; baseline 0.009 -9"><span class='ocrx_word' id='word_1_5' title='bbox 71 391 120 451; x_wconf 82' lang='grc'>011</span> <span class='ocrx_word' id='word_1_6' title='bbox 147 393 382 455; x_wconf 87' lang='lat' dir='ltr'>auctoritatem</span> <span class='ocrx_word' id='word_1_7' title='bbox 412 392 555 455; x_wconf 88' lang='lat' dir='ltr'>divinam</span> <span class='ocrx_word' id='word_1_8' title='bbox 587 410 654 455; x_wconf 93' lang='lat' dir='ltr'>non</span> <span class='ocrx_word' id='word_1_9' title='bbox 684 409 758 457; x_wconf 88' lang='lat' dir='ltr'>esse</span> <span class='ocrx_word' id='word_1_10' title='bbox 791 395 923 458; x_wconf 92' lang='lat' dir='ltr'>unicum</span> <span class='ocrx_word' id='word_1_11' title='bbox 950 396 1095 459; x_wconf 86' lang='lat' dir='ltr'>veritatis</span> 
     </span>
     <span class='ocr_line' id='line_1_3' title="bbox 69 470 259 534; baseline 0.005 -2"><span class='ocrx_word' id='word_1_12' title='bbox 69 470 259 534; x_wconf 78' lang='lat' dir='ltr'><strong>criterium.</strong></span> 
     </span>
    </p>

    <p class='ocr_par' dir='ltr' id='par_1_3' title="bbox 66 553 1096 1413">
     <span class='ocr_line' id='line_1_4' title="bbox 115 553 1093 629; baseline 0.006 -17"><span class='ocrx_word' id='word_1_13' title='bbox 115 553 153 612; x_wconf 63' lang='grc' dir='ltr'>1ει</span> <span class='ocrx_word' id='word_1_14' title='bbox 162 569 259 629; x_wconf 82' lang='lat' dir='ltr'>pars.</span> <span class='ocrx_word' id='word_1_15' title='bbox 278 554 427 614; x_wconf 88' lang='lat' dir='ltr'>Asseruit</span> <span class='ocrx_word' id='word_1_16' title='bbox 440 554 488 613; x_wconf 89' lang='lat' dir='ltr'>De</span> <span class='ocrx_word' id='word_1_17' title='bbox 509 555 703 615; x_wconf 85' lang='lat' dir='ltr'>Lamennais</span> <span class='ocrx_word' id='word_1_18' title='bbox 725 557 888 617; x_wconf 89' lang='lat' dir='ltr'>rationem</span> <span class='ocrx_word' id='word_1_19' title='bbox 909 554 1093 618; x_wconf 88' lang='lat' dir='ltr'>individua-</span> 
     </span>
     <span class='ocr_line' id='line_1_5' title="bbox 66 629 1095 713; baseline 0.01 -25"><span class='ocrx_word' id='word_1_20' title='bbox 66 629 142 690; x_wconf 90' lang='lat' dir='ltr'>lem</span> <span class='ocrx_word' id='word_1_21' title='bbox 161 649 229 707; x_wconf 82' lang='lat' dir='ltr'>pcr</span> <span class='ocrx_word' id='word_1_22' title='bbox 251 649 284 692; x_wconf 82' lang='lat' dir='ltr'>sc</span> <span class='ocrx_word' id='word_1_23' title='bbox 304 634 435 693; x_wconf 76' lang='lat' dir='ltr'>minime</span> <span class='ocrx_word' id='word_1_24' title='bbox 457 635 568 695; x_wconf 88' lang='lat' dir='ltr'>valere</span> <span class='ocrx_word' id='word_1_25' title='bbox 592 633 635 694; x_wconf 88' lang='lat' dir='ltr'>ad</span> <span class='ocrx_word' id='word_1_26' title='bbox 650 635 774 713; x_wconf 92' lang='lat' dir='ltr'>aliquid</span> <span class='ocrx_word' id='word_1_27' title='bbox 797 651 872 695; x_wconf 93' lang='lat' dir='ltr'>cum</span> <span class='ocrx_word' id='word_1_28' title='bbox 901 636 1095 699; x_wconf 70' lang='lat' dir='ltr'>certitudine</span> 
     </span>
     <span class='ocr_line' id='line_1_6' title="bbox 69 712 1094 789; baseline 0.009 -20"><span class='ocrx_word' id='word_1_29' title='bbox 69 712 369 788; x_wconf 91' lang='lat' dir='ltr'>cognoscendum;</span> <span class='ocrx_word' id='word_1_30' title='bbox 386 712 521 774; x_wconf 86' lang='lat' dir='ltr'>elidem</span> <span class='ocrx_word' id='word_1_31' title='bbox 535 715 649 774; x_wconf 86' lang='lat' dir='ltr'>statuit</span> <span class='ocrx_word' id='word_1_32' title='bbox 671 715 756 775; x_wconf 90' lang='lat' dir='ltr'>circa</span> <span class='ocrx_word' id='word_1_33' title='bbox 775 729 910 776; x_wconf 90' lang='lat' dir='ltr'>sensum</span> <span class='ocrx_word' id='word_1_34' title='bbox 933 718 1094 789; x_wconf 76' lang='lat' dir='ltr'>intimum,</span> 
     </span>
     <span class='ocr_line' id='line_1_7' title="bbox 69 794 1095 876; baseline 0.009 -27"><span class='ocrx_word' id='word_1_35' title='bbox 69 806 200 852; x_wconf 87' lang='lat' dir='ltr'>sensus</span> <span class='ocrx_word' id='word_1_36' title='bbox 216 796 369 852; x_wconf 83' lang='lat' dir='ltr'>externos</span> <span class='ocrx_word' id='word_1_37' title='bbox 381 797 414 853; x_wconf 90' lang='grc'>01</span> <span class='ocrx_word' id='word_1_38' title='bbox 428 794 644 856; x_wconf 76' lang='lat' dir='ltr'><strong>ratiocinium.</strong></span> <span class='ocrx_word' id='word_1_39' title='bbox 661 796 732 856; x_wconf 72' lang='lat' dir='ltr'>Haec</span> <span class='ocrx_word' id='word_1_40' title='bbox 746 795 857 856; x_wconf 86' lang='lat' dir='ltr'>omnia</span> <span class='ocrx_word' id='word_1_41' title='bbox 875 796 996 868; x_wconf 89' lang='lat' dir='ltr'>media,</span> <span class='ocrx_word' id='word_1_42' title='bbox 1021 798 1095 876; x_wconf 85' lang='lat' dir='ltr'>jux-</span> 
     </span>
     <span class='ocr_line' id='line_1_8' title="bbox 71 871 1092 950; baseline 0.007 -19"><span class='ocrx_word' id='word_1_43' title='bbox 71 875 107 930; x_wconf 89' lang='lat' dir='ltr'>ta</span> <span class='ocrx_word' id='word_1_44' title='bbox 122 871 251 948; x_wconf 89' lang='lat' dir='ltr'>ipsum,</span> <span class='ocrx_word' id='word_1_45' title='bbox 264 873 377 933; x_wconf 87' lang='lat' dir='ltr'>haberi</span> <span class='ocrx_word' id='word_1_46' title='bbox 393 871 516 935; x_wconf 90' lang='lat' dir='ltr'>dehent</span> <span class='ocrx_word' id='word_1_47' title='bbox 536 878 573 934; x_wconf 91' lang='lat' dir='ltr'>ut</span> <span class='ocrx_word' id='word_1_48' title='bbox 595 879 641 934; x_wconf 95' lang='lat' dir='ltr'>tot</span> <span class='ocrx_word' id='word_1_49' title='bbox 664 873 775 936; x_wconf 86' lang='lat' dir='ltr'>fontes</span> <span class='ocrx_word' id='word_1_50' title='bbox 796 874 886 936; x_wconf 92' lang='lat' dir='ltr'>duhii</span> <span class='ocrx_word' id='word_1_51' title='bbox 909 881 942 936; x_wconf 85' lang='lat' dir='ltr'>et</span> <span class='ocrx_word' id='word_1_52' title='bbox 962 879 1092 950; x_wconf 88' lang='lat' dir='ltr'>e1·roris;</span> 
     </span>
     <span class='ocr_line' id='line_1_9' title="bbox 71 951 1096 1029; baseline 0.01 -21"><span class='ocrx_word' id='word_1_53' title='bbox 71 954 199 1029; x_wconf 89' lang='lat' dir='ltr'>regula</span> <span class='ocrx_word' id='word_1_54' title='bbox 235 951 411 1013; x_wconf 87' lang='lat' dir='ltr'>infallibilis</span> <span class='ocrx_word' id='word_1_55' title='bbox 441 970 501 1014; x_wconf 91' lang='lat' dir='ltr'>seu</span> <span class='ocrx_word' id='word_1_56' title='bbox 528 953 662 1014; x_wconf 92' lang='lat' dir='ltr'>unicum</span> <span class='ocrx_word' id='word_1_57' title='bbox 690 955 834 1016; x_wconf 88' lang='lat' dir='ltr'>veritatis</span> <span class='ocrx_word' id='word_1_58' title='bbox 857 955 1021 1017; x_wconf 82' lang='lat' dir='ltr'><strong>criterium</strong></span> <span class='ocrx_word' id='word_1_59' title='bbox 1046 964 1096 1018; x_wconf 87' lang='lat' dir='ltr'>est</span> 
     </span>
     <span class='ocr_line' id='line_1_10' title="bbox 72 1034 1092 1113; baseline 0.009 -24"><span class='ocrx_word' id='word_1_60' title='bbox 72 1046 266 1093; x_wconf 87' lang='lat' dir='ltr'>consensus</span> <span class='ocrx_word' id='word_1_61' title='bbox 295 1034 477 1094; x_wconf 90' lang='lat' dir='ltr'>communis</span> <span class='ocrx_word' id='word_1_62' title='bbox 506 1034 640 1095; x_wconf 90' lang='lat' dir='ltr'>humani</span> <span class='ocrx_word' id='word_1_63' title='bbox 662 1035 807 1110; x_wconf 88' lang='lat' dir='ltr'>generis,</span> <span class='ocrx_word' id='word_1_64' title='bbox 830 1035 924 1113; x_wconf 90' lang='lat' dir='ltr'>cujus</span> <span class='ocrx_word' id='word_1_65' title='bbox 948 1037 1092 1098; x_wconf 90' lang='lat' dir='ltr'>testimo-</span> 
     </span>
     <span class='ocr_line' id='line_1_11' title="bbox 72 1113 1092 1194; baseline 0.009 -25"><span class='ocrx_word' id='word_1_66' title='bbox 72 1113 172 1173; x_wconf 94' lang='lat' dir='ltr'>nium</span> <span class='ocrx_word' id='word_1_67' title='bbox 193 1113 297 1189; x_wconf 89' lang='lat' dir='ltr'>ipsius</span> <span class='ocrx_word' id='word_1_68' title='bbox 318 1114 378 1176; x_wconf 89' lang='lat' dir='ltr'>Dei</span> <span class='ocrx_word' id='word_1_69' title='bbox 402 1116 625 1175; x_wconf 87' lang='lat' dir='ltr'>testimonium</span> <span class='ocrx_word' id='word_1_70' title='bbox 640 1120 701 1175; x_wconf 89' lang='lat' dir='ltr'>est.</span> <span class='ocrx_word' id='word_1_71' title='bbox 718 1114 801 1176; x_wconf 95' lang='lat' dir='ltr'>lllud</span> <span class='ocrx_word' id='word_1_72' title='bbox 820 1120 965 1194; x_wconf 77' lang='lat' dir='ltr'>systema</span> <span class='ocrx_word' id='word_1_73' title='bbox 980 1132 999 1178; x_wconf 90' lang='lat' dir='ltr'>a</span> <span class='ocrx_word' id='word_1_74' title='bbox 1014 1117 1092 1178; x_wconf 89' lang='lat' dir='ltr'>Gre-</span> 
     </span>
     <span class='ocr_line' id='line_1_12' title="bbox 72 1192 1096 1274; baseline 0.007 -23"><span class='ocrx_word' id='word_1_75' title='bbox 72 1192 173 1267; x_wconf 84' lang='lat' dir='ltr'><strong>gorio</strong></span> <span class='ocrx_word' id='word_1_76' title='bbox 203 1195 282 1264; x_wconf 88' lang='lat' dir='ltr'>XVl,</span> <span class='ocrx_word' id='word_1_77' title='bbox 307 1193 341 1252; x_wconf 91' lang='lat' dir='ltr'>P.</span> <span class='ocrx_word' id='word_1_78' title='bbox 367 1195 460 1265; x_wconf 70' lang='lat' dir='ltr'>Max„</span> <span class='ocrx_word' id='word_1_79' title='bbox 485 1192 547 1254; x_wconf 82' lang='lat' dir='ltr'>fuit</span> <span class='ocrx_word' id='word_1_80' title='bbox 569 1195 790 1271; x_wconf 88' lang='lat' dir='ltr'>proscriptum</span> <span class='ocrx_word' id='word_1_81' title='bbox 811 1195 957 1274; x_wconf 81' lang='lat' dir='ltr'>(Encycl.</span> <span class='ocrx_word' id='word_1_82' title='bbox 982 1196 1035 1259; x_wconf 92' lang='lat' dir='ltr'>die</span> <span class='ocrx_word' id='word_1_83' title='bbox 1056 1199 1096 1258; x_wconf 80' lang='lat'>25</span> 
     </span>
     <span class='ocr_line' id='line_1_13' title="bbox 71 1271 1094 1357; baseline 0.005 -24"><span class='ocrx_word' id='word_1_84' title='bbox 71 1271 161 1348; x_wconf 75' lang='lat' dir='ltr'>iunii</span> <span class='ocrx_word' id='word_1_85' title='bbox 184 1289 272 1333; x_wconf 92' lang='lat' dir='ltr'>anno</span> <span class='ocrx_word' id='word_1_86' title='bbox 291 1272 389 1354; x_wconf 79' lang='grc'><strong>1834).</strong></span> <span class='ocrx_word' id='word_1_87' title='bbox 407 1275 485 1355; x_wconf 82' lang='lat' dir='ltr'>Ejus</span> <span class='ocrx_word' id='word_1_88' title='bbox 495 1279 607 1335; x_wconf 90' lang='lat' dir='ltr'>autem</span> <span class='ocrx_word' id='word_1_89' title='bbox 620 1272 742 1336; x_wconf 86' lang='lat' dir='ltr'>falsitas</span> <span class='ocrx_word' id='word_1_90' title='bbox 757 1278 911 1352; x_wconf 78' lang='lat' dir='ltr'>sequenti</span> <span class='ocrx_word' id='word_1_91' title='bbox 922 1292 1094 1357; x_wconf 85' lang='lat' dir='ltr'>argumen-</span> 
     </span>
     <span class='ocr_line' id='line_1_14' title="bbox 76 1351 342 1413; baseline 0.008 -2"><span class='ocrx_word' id='word_1_92' title='bbox 76 1351 342 1413; x_wconf 61' lang='lat' dir='ltr'>mmmm:</span> 
     </span>
    </p>

    <p class='ocr_par' dir='ltr' id='par_1_4' title="bbox 74 1432 1096 1832">
     <span class='ocr_line' id='line_1_15' title="bbox 116 1432 1096 1514; baseline 0.002 -22"><span class='ocrx_word' id='word_1_93' title='bbox 116 1433 240 1495; x_wconf 89' lang='lat' dir='ltr'>llaheri</span> <span class='ocrx_word' id='word_1_94' title='bbox 262 1435 378 1511; x_wconf 89' lang='lat' dir='ltr'>nequit</span> <span class='ocrx_word' id='word_1_95' title='bbox 404 1437 440 1494; x_wconf 92' lang='lat' dir='ltr'>ut</span> <span class='ocrx_word' id='word_1_96' title='bbox 460 1433 652 1495; x_wconf 89' lang='lat' dir='ltr'>universalis</span> <span class='ocrx_word' id='word_1_97' title='bbox 676 1449 791 1493; x_wconf 89' lang='lat' dir='ltr'>norma</span> <span class='ocrx_word' id='word_1_98' title='bbox 812 1432 985 1512; x_wconf 88' lang='lat' dir='ltr'>judicandi</span> <span class='ocrx_word' id='word_1_99' title='bbox 1006 1435 1096 1514; x_wconf 90' lang='lat' dir='ltr'>quod</span> 
     </span>
     <span class='ocr_line' id='line_1_16' title="bbox 78 1510 1094 1591; baseline 0.002 -19"><span class='ocrx_word' id='word_1_100' title='bbox 78 1514 108 1572; x_wconf 82' lang='lat'>1⁰</span> <span class='ocrx_word' id='word_1_101' title='bbox 125 1516 235 1572; x_wconf 92' lang='lat' dir='ltr'>totum</span> <span class='ocrx_word' id='word_1_102' title='bbox 249 1510 318 1572; x_wconf 85' lang='lat' dir='ltr'>iere</span> <span class='ocrx_word' id='word_1_103' title='bbox 340 1528 447 1591; x_wconf 90' lang='lat' dir='ltr'>genus</span> <span class='ocrx_word' id='word_1_104' title='bbox 462 1512 643 1574; x_wconf 87' lang='lat' dir='ltr'>humanum</span> <span class='ocrx_word' id='word_1_105' title='bbox 657 1513 803 1590; x_wconf 89' lang='lat' dir='ltr'>qualibet</span> <span class='ocrx_word' id='word_1_106' title='bbox 826 1514 1023 1577; x_wconf 82' lang='lat' dir='ltr'>certitudine</span> <span class='ocrx_word' id='word_1_107' title='bbox 1043 1532 1094 1575; x_wconf 91' lang='lat' dir='ltr'>or-</span> 
     </span>
     <span class='ocr_line' id='line_1_17' title="bbox 74 1591 1093 1672; baseline 0.006 -22"><span class='ocrx_word' id='word_1_108' title='bbox 74 1591 188 1664; x_wconf 88' lang='lat' dir='ltr'>baret,</span> <span class='ocrx_word' id='word_1_109' title='bbox 206 1593 238 1653; x_wconf 64' lang='lat'>2³</span> <span class='ocrx_word' id='word_1_110' title='bbox 252 1608 366 1653; x_wconf 88' lang='lat' dir='ltr'>secum</span> <span class='ocrx_word' id='word_1_111' title='bbox 377 1598 513 1672; x_wconf 84' lang='lat' dir='ltr'>pugnat,</span> <span class='ocrx_word' id='word_1_112' title='bbox 537 1598 637 1672; x_wconf 91' lang='lat' dir='ltr'>atque</span> <span class='ocrx_word' id='word_1_113' title='bbox 653 1595 686 1654; x_wconf 84' lang='lat'>3⁰</span> <span class='ocrx_word' id='word_1_114' title='bbox 698 1609 764 1654; x_wconf 91' lang='lat' dir='ltr'>non</span> <span class='ocrx_word' id='word_1_115' title='bbox 778 1593 840 1654; x_wconf 89' lang='lat' dir='ltr'>nisi</span> <span class='ocrx_word' id='word_1_116' title='bbox 855 1610 915 1670; x_wconf 91' lang='lat' dir='ltr'>per</span> <span class='ocrx_word' id='word_1_117' title='bbox 930 1595 1018 1656; x_wconf 88' lang='lat' dir='ltr'>aliud</span> <span class='ocrx_word' id='word_1_118' title='bbox 1034 1598 1093 1656; x_wconf 91' lang='lat' dir='ltr'>cri-</span> 
     </span>
     <span class='ocr_line' id='line_1_18' title="bbox 77 1670 1095 1753; baseline 0.005 -23"><span class='ocrx_word' id='word_1_119' title='bbox 77 1672 202 1732; x_wconf 88' lang='lat' dir='ltr'>terium</span> <span class='ocrx_word' id='word_1_120' title='bbox 215 1670 341 1734; x_wconf 80' lang='lat' dir='ltr'>deliniri</span> <span class='ocrx_word' id='word_1_121' title='bbox 352 1676 472 1750; x_wconf 90' lang='lat' dir='ltr'>potest.</span> <span class='ocrx_word' id='word_1_122' title='bbox 488 1675 584 1750; x_wconf 83' lang='lat' dir='ltr'>Atqui</span> <span class='ocrx_word' id='word_1_123' title='bbox 606 1674 674 1733; x_wconf 86' lang='lat' dir='ltr'>haec</span> <span class='ocrx_word' id='word_1_124' title='bbox 697 1673 806 1734; x_wconf 86' lang='lat' dir='ltr'>omnia</span> <span class='ocrx_word' id='word_1_125' title='bbox 828 1671 891 1734; x_wconf 93' lang='lat' dir='ltr'>dici</span> <span class='ocrx_word' id='word_1_126' title='bbox 905 1676 1095 1753; x_wconf 89' lang='lat' dir='ltr'>possuntde</span> 
     </span>
     <span class='ocr_line' id='line_1_19' title="bbox 78 1752 915 1832; baseline 0.005 -22"><span class='ocrx_word' id='word_1_127' title='bbox 78 1752 214 1813; x_wconf 90' lang='lat' dir='ltr'>criterio</span> <span class='ocrx_word' id='word_1_128' title='bbox 227 1753 280 1813; x_wconf 89' lang='lat' dir='ltr'>illo</span> <span class='ocrx_word' id='word_1_129' title='bbox 296 1753 386 1831; x_wconf 91' lang='lat' dir='ltr'>quod</span> <span class='ocrx_word' id='word_1_130' title='bbox 406 1753 531 1816; x_wconf 85' lang='lat' dir='ltr'>invexit</span> <span class='ocrx_word' id='word_1_131' title='bbox 543 1755 804 1815; x_wconf 88' lang='lat' dir='ltr'>DeLamennais.</span> <span class='ocrx_word' id='word_1_132' title='bbox 819 1752 915 1832; x_wconf 86' lang='lat' dir='ltr'>Ergo.</span> 
     </span>
    </p>

    <p class='ocr_par' dir='ltr' id='par_1_5' title="bbox 77 1833 1096 2211">
     <span class='ocr_line' id='line_1_20' title="bbox 118 1833 1096 1913; baseline 0.004 -22"><span class='ocrx_word' id='word_1_133' title='bbox 118 1833 288 1894; x_wconf 79' lang='lat' dir='ltr'>Probatur</span> <span class='ocrx_word' id='word_1_134' title='bbox 300 1838 418 1895; x_wconf 76' lang='lat' dir='ltr'>minor.</span> <span class='ocrx_word' id='word_1_135' title='bbox 448 1834 652 1913; x_wconf 79' lang='lat' dir='ltr'>1⁰,Majorem</span> <span class='ocrx_word' id='word_1_136' title='bbox 667 1837 795 1910; x_wconf 89' lang='lat' dir='ltr'>partem</span> <span class='ocrx_word' id='word_1_137' title='bbox 815 1833 948 1911; x_wconf 91' lang='lat' dir='ltr'>generis</span> <span class='ocrx_word' id='word_1_138' title='bbox 962 1835 1096 1895; x_wconf 90' lang='lat' dir='ltr'>humani</span> 
     </span>
     <span class='ocr_line' id='line_1_21' title="bbox 79 1912 1096 1990; baseline 0.005 -20"><span class='ocrx_word' id='word_1_139' title='bbox 79 1912 228 1988; x_wconf 87' lang='lat' dir='ltr'>privaret</span> <span class='ocrx_word' id='word_1_140' title='bbox 243 1913 448 1986; x_wconf 81' lang='lat' dir='ltr'>certitudine,</span> <span class='ocrx_word' id='word_1_141' title='bbox 471 1919 507 1973; x_wconf 91' lang='lat' dir='ltr'>ut</span> <span class='ocrx_word' id='word_1_142' title='bbox 521 1930 582 1990; x_wconf 90' lang='lat' dir='ltr'>per</span> <span class='ocrx_word' id='word_1_143' title='bbox 597 1930 634 1974; x_wconf 90' lang='lat' dir='ltr'>se</span> <span class='ocrx_word' id='word_1_144' title='bbox 657 1917 764 1990; x_wconf 90' lang='lat' dir='ltr'>patet;</span> <span class='ocrx_word' id='word_1_145' title='bbox 782 1929 859 1973; x_wconf 88' lang='lat' dir='ltr'>nam</span> <span class='ocrx_word' id='word_1_146' title='bbox 883 1913 1020 1975; x_wconf 90' lang='lat' dir='ltr'>evidens</span> <span class='ocrx_word' id='word_1_147' title='bbox 1046 1921 1096 1975; x_wconf 89' lang='lat' dir='ltr'>est</span> 
     </span>
     <span class='ocr_line' id='line_1_22' title="bbox 77 1993 1093 2072; baseline 0.004 -22"><span class='ocrx_word' id='word_1_148' title='bbox 77 1993 245 2071; x_wconf 72' lang='lat' dir='ltr'>maiorem</span> <span class='ocrx_word' id='word_1_149' title='bbox 259 1998 387 2069; x_wconf 88' lang='lat' dir='ltr'>partem</span> <span class='ocrx_word' id='word_1_150' title='bbox 401 1993 570 2054; x_wconf 91' lang='lat' dir='ltr'>hominum</span> <span class='ocrx_word' id='word_1_151' title='bbox 584 2009 652 2054; x_wconf 95' lang='lat' dir='ltr'>non</span> <span class='ocrx_word' id='word_1_152' title='bbox 666 2008 765 2071; x_wconf 90' lang='lat' dir='ltr'>posse</span> <span class='ocrx_word' id='word_1_153' title='bbox 781 1993 823 2053; x_wconf 88' lang='lat' dir='ltr'>ad</span> <span class='ocrx_word' id='word_1_154' title='bbox 838 1995 947 2055; x_wconf 90' lang='lat' dir='ltr'>omnia</span> <span class='ocrx_word' id='word_1_155' title='bbox 964 1998 1093 2072; x_wconf 89' lang='lat' dir='ltr'>tempo-</span> 
     </span>
     <span class='ocr_line' id='line_1_23' title="bbox 78 2073 1096 2211; baseline 0.004 -80"><span class='ocrx_word' id='word_1_156' title='bbox 78 2088 116 2211; x_wconf 54' lang='grc'>30</span> <span class='ocrx_word' id='word_1_157' title='bbox 140 2077 173 2133; x_wconf 88' lang='grc'>01</span> <span class='ocrx_word' id='word_1_158' title='bbox 194 2073 266 2135; x_wconf 89' lang='grc'><strong>1000</strong></span> <span class='ocrx_word' id='word_1_159' title='bbox 280 2089 316 2135; x_wconf 96' lang='grc'>00</span> <span class='ocrx_word' id='word_1_160' title='bbox 339 2073 539 2150; x_wconf 89' lang='lat' dir='ltr'>protendere</span> <span class='ocrx_word' id='word_1_161' title='bbox 554 2073 597 2135; x_wconf 91' lang='lat' dir='ltr'>ad</span> <span class='ocrx_word' id='word_1_162' title='bbox 610 2074 702 2136; x_wconf 91' lang='lat' dir='ltr'>illum</span> <span class='ocrx_word' id='word_1_163' title='bbox 727 2089 925 2134; x_wconf 91' lang='lat' dir='ltr'>consensum</span> <span class='ocrx_word' id='word_1_164' title='bbox 942 2075 1096 2153; x_wconf 91' lang='lat' dir='ltr'>colligen-</span> 
     </span>
    </p>

    <p class='ocr_par' dir='ltr' id='par_1_6' title="bbox 103 2168 176 2214">
     <span class='ocr_line' id='line_1_24' title="bbox 103 2168 176 2214; baseline 0.027 -2"><span class='ocrx_word' id='word_1_165' title='bbox 103 2168 176 2214; x_wconf 85' lang='lat' dir='ltr'>um.</span> 
     </span>
    </p>

    <p class='ocr_par' dir='ltr' id='par_1_7' title="bbox 77 2232 1097 2872">
     <span class='ocr_line' id='line_1_25' title="bbox 119 2232 1095 2312; baseline 0.001 -19"><span class='ocrx_word' id='word_1_166' title='bbox 119 2234 154 2293; x_wconf 79' lang='lat'>2⁰</span> <span class='ocrx_word' id='word_1_167' title='bbox 185 2232 305 2293; x_wconf 90' lang='lat' dir='ltr'>Secum</span> <span class='ocrx_word' id='word_1_168' title='bbox 333 2237 470 2312; x_wconf 86' lang='lat' dir='ltr'>pugnat.</span> <span class='ocrx_word' id='word_1_169' title='bbox 498 2234 580 2294; x_wconf 89' lang='lat' dir='ltr'>Nam</span> <span class='ocrx_word' id='word_1_170' title='bbox 608 2249 717 2293; x_wconf 79' lang='lat' dir='ltr'>omncs</span> <span class='ocrx_word' id='word_1_171' title='bbox 738 2232 882 2292; x_wconf 78' lang='lat' dir='ltr'>homines</span> <span class='ocrx_word' id='word_1_172' title='bbox 908 2232 1095 2312; x_wconf 82' lang='lat' dir='ltr'>singillatim</span> 
     </span>
     <span class='ocr_line' id='line_1_26' title="bbox 78 2313 1095 2390; baseline 0.002 -18"><span class='ocrx_word' id='word_1_173' title='bbox 78 2313 203 2387; x_wconf 89' lang='lat' dir='ltr'>sumpti</span> <span class='ocrx_word' id='word_1_174' title='bbox 219 2314 322 2373; x_wconf 86' lang='lat' dir='ltr'>multa</span> <span class='ocrx_word' id='word_1_175' title='bbox 336 2319 372 2374; x_wconf 88' lang='lat' dir='ltr'>ut</span> <span class='ocrx_word' id='word_1_176' title='bbox 387 2317 457 2373; x_wconf 87' lang='lat' dir='ltr'>rata</span> <span class='ocrx_word' id='word_1_177' title='bbox 473 2318 507 2375; x_wconf 91' lang='lat' dir='ltr'>et.</span> <span class='ocrx_word' id='word_1_178' title='bbox 521 2317 610 2373; x_wconf 88' lang='lat' dir='ltr'>certa</span> <span class='ocrx_word' id='word_1_179' title='bbox 632 2313 756 2373; x_wconf 85' lang='lat' dir='ltr'>habent</span> <span class='ocrx_word' id='word_1_180' title='bbox 777 2319 955 2390; x_wconf 89' lang='lat' dir='ltr'>antequam</span> <span class='ocrx_word' id='word_1_181' title='bbox 976 2329 1095 2374; x_wconf 91' lang='lat' dir='ltr'>consu-</span> 
     </span>
     <span class='ocr_line' id='line_1_27' title="bbox 77 2391 1096 2469; baseline -0.003 -16"><span class='ocrx_word' id='word_1_182' title='bbox 77 2394 150 2453; x_wconf 88' lang='lat' dir='ltr'>lant</span> <span class='ocrx_word' id='word_1_183' title='bbox 165 2391 258 2452; x_wconf 90' lang='lat' dir='ltr'>illum</span> <span class='ocrx_word' id='word_1_184' title='bbox 272 2409 408 2454; x_wconf 89' lang='lat' dir='ltr'>sensum</span> <span class='ocrx_word' id='word_1_185' title='bbox 423 2409 647 2464; x_wconf 92' lang='lat' dir='ltr'>communem;</span> <span class='ocrx_word' id='word_1_186' title='bbox 667 2393 756 2469; x_wconf 87' lang='lat' dir='ltr'>atqui</span> <span class='ocrx_word' id='word_1_187' title='bbox 770 2391 851 2452; x_wconf 95' lang='lat' dir='ltr'>illud</span> <span class='ocrx_word' id='word_1_188' title='bbox 873 2393 1096 2454; x_wconf 86' lang='lat' dir='ltr'>testimonium</span> 
     </span>
     <span class='ocr_line' id='line_1_28' title="bbox 79 2473 1094 2535; baseline -0.002 0"><span class='ocrx_word' id='word_1_189' title='bbox 79 2474 232 2535; x_wconf 92' lang='lat' dir='ltr'>omnium</span> <span class='ocrx_word' id='word_1_190' title='bbox 254 2473 426 2534; x_wconf 91' lang='lat' dir='ltr'>hominum</span> <span class='ocrx_word' id='word_1_191' title='bbox 448 2473 615 2534; x_wconf 90' lang='lat' dir='ltr'>constituit</span> <span class='ocrx_word' id='word_1_192' title='bbox 646 2487 846 2534; x_wconf 89' lang='lat' dir='ltr'>consensum</span> <span class='ocrx_word' id='word_1_193' title='bbox 874 2488 1094 2533; x_wconf 89' lang='lat' dir='ltr'>communem.</span> 
     </span>
     <span class='ocr_line' id='line_1_29' title="bbox 79 2551 1097 2631; baseline -0.001 -18"><span class='ocrx_word' id='word_1_194' title='bbox 79 2554 168 2631; x_wconf 86' lang='lat' dir='ltr'>Ergo</span> <span class='ocrx_word' id='word_1_195' title='bbox 185 2568 366 2626; x_wconf 80' lang='lat' dir='ltr'>consensus</span> <span class='ocrx_word' id='word_1_196' title='bbox 379 2556 561 2615; x_wconf 90' lang='lat' dir='ltr'>communis</span> <span class='ocrx_word' id='word_1_197' title='bbox 575 2551 707 2623; x_wconf 86' lang='lat' dir='ltr'>fatetur,</span> <span class='ocrx_word' id='word_1_198' title='bbox 723 2552 874 2613; x_wconf 91' lang='lat' dir='ltr'>homines</span> <span class='ocrx_word' id='word_1_199' title='bbox 889 2552 1012 2629; x_wconf 91' lang='lat' dir='ltr'>aliquid</span> <span class='ocrx_word' id='word_1_200' title='bbox 1028 2569 1097 2613; x_wconf 92' lang='lat' dir='ltr'>cer-</span> 
     </span>
     <span class='ocr_line' id='line_1_30' title="bbox 84 2633 1096 2711; baseline -0.001 -18"><span class='ocrx_word' id='word_1_201' title='bbox 84 2638 116 2693; x_wconf 92' lang='lat' dir='ltr'>to</span> <span class='ocrx_word' id='word_1_202' title='bbox 134 2648 338 2711; x_wconf 80' lang='lat' dir='ltr'>cognoscere</span> <span class='ocrx_word' id='word_1_203' title='bbox 351 2649 450 2709; x_wconf 86' lang='lat' dir='ltr'>posse.</span> <span class='ocrx_word' id='word_1_204' title='bbox 475 2634 545 2694; x_wconf 91' lang='lat' dir='ltr'>sine</span> <span class='ocrx_word' id='word_1_205' title='bbox 563 2633 616 2692; x_wconf 95' lang='lat' dir='ltr'>illo</span> <span class='ocrx_word' id='word_1_206' title='bbox 641 2633 770 2693; x_wconf 89' lang='lat' dir='ltr'>criterio</span> <span class='ocrx_word' id='word_1_207' title='bbox 790 2647 809 2691; x_wconf 87' lang='lat' dir='ltr'>a</span> <span class='ocrx_word' id='word_1_208' title='bbox 831 2633 878 2692; x_wconf 92' lang='lat' dir='ltr'>De</span> <span class='ocrx_word' id='word_1_209' title='bbox 903 2633 1096 2694; x_wconf 88' lang='lat' dir='ltr'>Lamennais</span> 
     </span>
     <span class='ocr_line' id='line_1_31' title="bbox 82 2711 1094 2792; baseline -0.001 -19"><span class='ocrx_word' id='word_1_210' title='bbox 82 2714 228 2784; x_wconf 85' lang='lat' dir='ltr'>invecto,</span> <span class='ocrx_word' id='word_1_211' title='bbox 257 2728 295 2773; x_wconf 86' lang='lat' dir='ltr'>ac</span> <span class='ocrx_word' id='word_1_212' title='bbox 310 2713 449 2790; x_wconf 87' lang='lat' dir='ltr'>proinde</span> <span class='ocrx_word' id='word_1_213' title='bbox 471 2713 505 2773; x_wconf 95' lang='lat' dir='ltr'>in</span> <span class='ocrx_word' id='word_1_214' title='bbox 525 2713 586 2791; x_wconf 90' lang='lat' dir='ltr'>hac</span> <span class='ocrx_word' id='word_1_215' title='bbox 600 2711 777 2792; x_wconf 90' lang='lat' dir='ltr'>hypothesi</span> <span class='ocrx_word' id='word_1_216' title='bbox 799 2728 981 2773; x_wconf 88' lang='lat' dir='ltr'>consensus</span> <span class='ocrx_word' id='word_1_217' title='bbox 1007 2729 1094 2773; x_wconf 92' lang='lat' dir='ltr'>com-</span> 
     </span>
     <span class='ocr_line' id='line_1_32' title="bbox 83 2792 774 2872; baseline -0.003 -19"><span class='ocrx_word' id='word_1_218' title='bbox 83 2793 195 2853; x_wconf 90' lang='lat' dir='ltr'>munis</span> <span class='ocrx_word' id='word_1_219' title='bbox 211 2800 375 2872; x_wconf 81' lang='lat' dir='ltr'>pugnaret</span> <span class='ocrx_word' id='word_1_220' title='bbox 390 2809 466 2854; x_wconf 92' lang='lat' dir='ltr'>cum</span> <span class='ocrx_word' id='word_1_221' title='bbox 480 2809 582 2855; x_wconf 89' lang='lat' dir='ltr'>sensu</span> <span class='ocrx_word' id='word_1_222' title='bbox 597 2792 774 2852; x_wconf 89' lang='lat' dir='ltr'>communi.</span> 
     </span>
    </p>

    <p class='ocr_par' dir='ltr' id='par_1_8' title="bbox 80 2869 1101 3751">
     <span class='ocr_line' id='line_1_33' title="bbox 125 2869 1095 2950; baseline -0.002 -16"><span class='ocrx_word' id='word_1_223' title='bbox 125 2874 157 2934; x_wconf 75' lang='grc' dir='ltr'>3ο</span> <span class='ocrx_word' id='word_1_224' title='bbox 170 2873 243 2933; x_wconf 92' lang='lat' dir='ltr'>Non</span> <span class='ocrx_word' id='word_1_225' title='bbox 262 2875 324 2934; x_wconf 89' lang='lat' dir='ltr'>nisi</span> <span class='ocrx_word' id='word_1_226' title='bbox 346 2891 408 2950; x_wconf 92' lang='lat' dir='ltr'>per</span> <span class='ocrx_word' id='word_1_227' title='bbox 425 2873 514 2935; x_wconf 87' lang='lat' dir='ltr'>aliud</span> <span class='ocrx_word' id='word_1_228' title='bbox 534 2872 700 2934; x_wconf 90' lang='lat' dir='ltr'>criterium</span> <span class='ocrx_word' id='word_1_229' title='bbox 716 2869 843 2934; x_wconf 90' lang='lat' dir='ltr'>definiri</span> <span class='ocrx_word' id='word_1_230' title='bbox 863 2874 982 2948; x_wconf 81' lang='lat' dir='ltr'>potest.</span> <span class='ocrx_word' id='word_1_231' title='bbox 1004 2873 1095 2935; x_wconf 87' lang='lat' dir='ltr'>Moti·</span> 
     </span>
     <span class='ocr_line' id='line_1_34' title="bbox 83 2951 1097 3030; baseline 0.001 -18"><span class='ocrx_word' id='word_1_232' title='bbox 83 2968 163 3012; x_wconf 85' lang='lat' dir='ltr'>vum</span> <span class='ocrx_word' id='word_1_233' title='bbox 186 2951 418 3015; x_wconf 85' lang='lat' dir='ltr'>certitudinem</span> <span class='ocrx_word' id='word_1_234' title='bbox 440 2954 664 3025; x_wconf 81' lang='lat' dir='ltr'>determinans</span> <span class='ocrx_word' id='word_1_235' title='bbox 687 2951 787 3012; x_wconf 87' lang='lat' dir='ltr'>dehet</span> <span class='ocrx_word' id='word_1_236' title='bbox 809 2951 964 3030; x_wconf 83' lang='lat' dir='ltr'>cognosci</span> <span class='ocrx_word' id='word_1_237' title='bbox 994 2953 1097 3029; x_wconf 90' lang='lat' dir='ltr'>prius-</span> 
     </span>
     <span class='ocr_line' id='line_1_35' title="bbox 84 3033 1098 3110; baseline -0.001 -17"><span class='ocrx_word' id='word_1_238' title='bbox 84 3048 187 3110; x_wconf 90' lang='lat' dir='ltr'>quam</span> <span class='ocrx_word' id='word_1_239' title='bbox 200 3033 430 3094; x_wconf 89' lang='lat' dir='ltr'>certitudinem</span> <span class='ocrx_word' id='word_1_240' title='bbox 449 3034 660 3095; x_wconf 90' lang='lat' dir='ltr'>determinet.</span> <span class='ocrx_word' id='word_1_241' title='bbox 690 3035 774 3110; x_wconf 87' lang='lat' dir='ltr'>Ergo</span> <span class='ocrx_word' id='word_1_242' title='bbox 801 3046 983 3092; x_wconf 89' lang='lat' dir='ltr'>consensus</span> <span class='ocrx_word' id='word_1_243' title='bbox 1007 3049 1098 3093; x_wconf 87' lang='lat' dir='ltr'>corn-</span> 
     </span>
     <span class='ocr_line' id='line_1_36' title="bbox 83 3111 1099 3190; baseline -0.001 -19"><span class='ocrx_word' id='word_1_244' title='bbox 83 3112 204 3184; x_wconf 91' lang='lat' dir='ltr'>munis‚</span> <span class='ocrx_word' id='word_1_245' title='bbox 219 3113 274 3190; x_wconf 89' lang='lat' dir='ltr'>qui</span> <span class='ocrx_word' id='word_1_246' title='bbox 289 3119 378 3174; x_wconf 88' lang='lat' dir='ltr'>esset</span> <span class='ocrx_word' id='word_1_247' title='bbox 390 3116 525 3175; x_wconf 92' lang='lat' dir='ltr'>unicum</span> <span class='ocrx_word' id='word_1_248' title='bbox 539 3112 621 3175; x_wconf 95' lang='lat' dir='ltr'>illud</span> <span class='ocrx_word' id='word_1_249' title='bbox 634 3115 804 3183; x_wconf 89' lang='lat' dir='ltr'>motivum,</span> <span class='ocrx_word' id='word_1_250' title='bbox 823 3111 924 3172; x_wconf 92' lang='lat' dir='ltr'>dehet</span> <span class='ocrx_word' id='word_1_251' title='bbox 943 3113 1099 3189; x_wconf 91' lang='lat' dir='ltr'>cognosci</span> 
     </span>
     <span class='ocr_line' id='line_1_37' title="bbox 84 3191 1098 3271; baseline -0.004 -19"><span class='ocrx_word' id='word_1_252' title='bbox 84 3208 145 3253; x_wconf 89' lang='lat' dir='ltr'>seu</span> <span class='ocrx_word' id='word_1_253' title='bbox 166 3191 379 3255; x_wconf 90' lang='lat' dir='ltr'>determinari</span> <span class='ocrx_word' id='word_1_254' title='bbox 399 3198 579 3271; x_wconf 86' lang='lat' dir='ltr'>antequam</span> <span class='ocrx_word' id='word_1_255' title='bbox 603 3192 809 3254; x_wconf 84' lang='lat' dir='ltr'>adhibeatur.</span> <span class='ocrx_word' id='word_1_256' title='bbox 833 3191 931 3268; x_wconf 77' lang='lat' dir='ltr'>atqui</span> <span class='ocrx_word' id='word_1_257' title='bbox 955 3207 1023 3251; x_wconf 91' lang='lat' dir='ltr'>non</span> <span class='ocrx_word' id='word_1_258' title='bbox 1042 3209 1098 3268; x_wconf 91' lang='lat' dir='ltr'>po-</span> 
     </span>
     <span class='ocr_line' id='line_1_38' title="bbox 84 3269 1099 3350; baseline -0.001 -19"><span class='ocrx_word' id='word_1_259' title='bbox 84 3277 150 3333; x_wconf 88' lang='lat' dir='ltr'>test</span> <span class='ocrx_word' id='word_1_260' title='bbox 173 3271 381 3334; x_wconf 85' lang='lat' dir='ltr'>determinari</span> <span class='ocrx_word' id='word_1_261' title='bbox 400 3275 462 3334; x_wconf 92' lang='lat' dir='ltr'>nisi</span> <span class='ocrx_word' id='word_1_262' title='bbox 483 3290 543 3350; x_wconf 92' lang='lat' dir='ltr'>per</span> <span class='ocrx_word' id='word_1_263' title='bbox 557 3290 592 3335; x_wconf 89' lang='grc'>00</span> <span class='ocrx_word' id='word_1_264' title='bbox 606 3277 662 3333; x_wconf 83' lang='grc'>001</span> <span class='ocrx_word' id='word_1_265' title='bbox 683 3288 744 3348; x_wconf 90' lang='lat' dir='ltr'>per</span> <span class='ocrx_word' id='word_1_266' title='bbox 764 3269 852 3331; x_wconf 87' lang='lat' dir='ltr'>aliud</span> <span class='ocrx_word' id='word_1_267' title='bbox 868 3271 1043 3331; x_wconf 88' lang='lat' dir='ltr'>criterium.</span> <span class='ocrx_word' id='word_1_268' title='bbox 1069 3272 1099 3330; x_wconf 88' lang='lat' dir='ltr'>Si</span> 
     </span>
     <span class='ocr_line' id='line_1_39' title="bbox 80 3349 1100 3432; baseline 0 -20"><span class='ocrx_word' id='word_1_269' title='bbox 80 3367 145 3428; x_wconf 85' lang='lat' dir='ltr'>per</span> <span class='ocrx_word' id='word_1_270' title='bbox 156 3353 254 3413; x_wconf 79' lang='lat' dir='ltr'>uliud</span> <span class='ocrx_word' id='word_1_271' title='bbox 262 3376 272 3426; x_wconf 90' lang='lat'><em>;</em></span> <span class='ocrx_word' id='word_1_272' title='bbox 287 3369 366 3431; x_wconf 88' lang='lat' dir='ltr'>ergo</span> <span class='ocrx_word' id='word_1_273' title='bbox 382 3352 470 3415; x_wconf 91' lang='lat' dir='ltr'>istud</span> <span class='ocrx_word' id='word_1_274' title='bbox 480 3353 667 3430; x_wconf 72' lang='lat' dir='ltr'>praeexistit,</span> <span class='ocrx_word' id='word_1_275' title='bbox 689 3368 726 3412; x_wconf 92' lang='lat' dir='ltr'>ac</span> <span class='ocrx_word' id='word_1_276' title='bbox 754 3349 892 3427; x_wconf 92' lang='lat' dir='ltr'>proinde</span> <span class='ocrx_word' id='word_1_277' title='bbox 909 3365 1100 3432; x_wconf 88' lang='lat' dir='ltr'>consensus</span> 
     </span>
     <span class='ocr_line' id='line_1_40' title="bbox 88 3430 1101 3510; baseline -0.004 -18"><span class='ocrx_word' id='word_1_278' title='bbox 88 3435 272 3495; x_wconf 90' lang='lat' dir='ltr'>communis</span> <span class='ocrx_word' id='word_1_279' title='bbox 282 3449 350 3493; x_wconf 94' lang='lat' dir='ltr'>non</span> <span class='ocrx_word' id='word_1_280' title='bbox 372 3438 423 3493; x_wconf 92' lang='lat' dir='ltr'>est</span> <span class='ocrx_word' id='word_1_281' title='bbox 437 3436 572 3495; x_wconf 92' lang='lat' dir='ltr'>unicum</span> <span class='ocrx_word' id='word_1_282' title='bbox 587 3440 619 3495; x_wconf 87' lang='lat' dir='ltr'>et</span> <span class='ocrx_word' id='word_1_283' title='bbox 634 3434 776 3510; x_wconf 87' lang='lat' dir='ltr'>primum</span> <span class='ocrx_word' id='word_1_284' title='bbox 789 3430 966 3492; x_wconf 87' lang='lat' dir='ltr'>criterium.</span> <span class='ocrx_word' id='word_1_285' title='bbox 997 3431 1027 3491; x_wconf 88' lang='lat' dir='ltr'>Si</span> <span class='ocrx_word' id='word_1_286' title='bbox 1041 3448 1101 3505; x_wconf 81' lang='lat' dir='ltr'>per</span> 
     </span>
     <span class='ocr_line' id='line_1_41' title="bbox 87 3509 1100 3592; baseline -0.002 -20"><span class='ocrx_word' id='word_1_287' title='bbox 87 3528 122 3572; x_wconf 81' lang='lat' dir='ltr'>sc</span> <span class='ocrx_word' id='word_1_288' title='bbox 128 3532 139 3582; x_wconf 89' lang='lat'><em>;</em></span> <span class='ocrx_word' id='word_1_289' title='bbox 148 3509 219 3589; x_wconf 90' lang='lat' dir='ltr'>jam</span> <span class='ocrx_word' id='word_1_290' title='bbox 227 3513 438 3592; x_wconf 91' lang='lat' dir='ltr'>impingimus</span> <span class='ocrx_word' id='word_1_291' title='bbox 452 3516 485 3576; x_wconf 93' lang='lat' dir='ltr'>in</span> <span class='ocrx_word' id='word_1_292' title='bbox 501 3513 659 3575; x_wconf 91' lang='lat' dir='ltr'>circulum</span> <span class='ocrx_word' id='word_1_293' title='bbox 673 3512 835 3583; x_wconf 83' lang='lat' dir='ltr'>vitiosum,</span> <span class='ocrx_word' id='word_1_294' title='bbox 853 3515 885 3570; x_wconf 90' lang='lat' dir='ltr'>et</span> <span class='ocrx_word' id='word_1_295' title='bbox 896 3515 1053 3586; x_wconf 81' lang='lat' dir='ltr'>praeterea</span> <span class='ocrx_word' id='word_1_296' title='bbox 1066 3511 1100 3570; x_wconf 94' lang='lat' dir='ltr'>in</span> 
     </span>
     <span class='ocr_line' id='line_1_42' title="bbox 88 3588 1100 3667; baseline -0.001 -17"><span class='ocrx_word' id='word_1_297' title='bbox 88 3591 210 3652; x_wconf 91' lang='lat' dir='ltr'>seriem</span> <span class='ocrx_word' id='word_1_298' title='bbox 217 3591 421 3656; x_wconf 87' lang='lat' dir='ltr'>indefinitam</span> <span class='ocrx_word' id='word_1_299' title='bbox 438 3613 445 3653; x_wconf 79' lang='lat' dir='ltr'><strong><em>z</em></strong></span> <span class='ocrx_word' id='word_1_300' title='bbox 461 3608 547 3655; x_wconf 91' lang='lat' dir='ltr'>unus</span> <span class='ocrx_word' id='word_1_301' title='bbox 562 3596 650 3654; x_wconf 89' lang='lat' dir='ltr'>enim</span> <span class='ocrx_word' id='word_1_302' title='bbox 664 3606 846 3652; x_wconf 90' lang='lat' dir='ltr'>consensus</span> <span class='ocrx_word' id='word_1_303' title='bbox 861 3605 921 3667; x_wconf 89' lang='lat' dir='ltr'>per</span> <span class='ocrx_word' id='word_1_304' title='bbox 929 3590 1027 3650; x_wconf 92' lang='lat' dir='ltr'>alium</span> <span class='ocrx_word' id='word_1_305' title='bbox 1038 3588 1100 3649; x_wconf 89' lang='lat' dir='ltr'>dis-</span> 
     </span>
     <span class='ocr_line' id='line_1_43' title="bbox 90 3667 1098 3751; baseline 0 -21"><span class='ocrx_word' id='word_1_306' title='bbox 90 3670 229 3733; x_wconf 88' lang='lat' dir='ltr'>tinctum</span> <span class='ocrx_word' id='word_1_307' title='bbox 241 3671 441 3748; x_wconf 86' lang='lat' dir='ltr'>definiretur,</span> <span class='ocrx_word' id='word_1_308' title='bbox 459 3675 565 3736; x_wconf 85' lang='lat' dir='ltr'>eliste</span> <span class='ocrx_word' id='word_1_309' title='bbox 579 3691 641 3751; x_wconf 93' lang='lat' dir='ltr'>per</span> <span class='ocrx_word' id='word_1_310' title='bbox 655 3672 765 3743; x_wconf 90' lang='lat' dir='ltr'>alium,</span> <span class='ocrx_word' id='word_1_311' title='bbox 782 3675 816 3733; x_wconf 89' lang='lat' dir='ltr'>ct</span> <span class='ocrx_word' id='word_1_312' title='bbox 835 3670 881 3731; x_wconf 89' lang='lat' dir='ltr'>sio</span> <span class='ocrx_word' id='word_1_313' title='bbox 902 3667 1098 3748; x_wconf 86' lang='lat' dir='ltr'>deinceps...</span> 
     </span>
    </p>
   </div>
   <div class='ocr_carea' id='block_1_3' title="bbox 414 3766 765 3820">
    <p class='ocr_par' dir='ltr' id='par_1_9' title="bbox 414 3766 765 3820">
     <span class='ocr_line' id='line_1_44' title="bbox 414 3766 765 3820; baseline -0.009 -2"><span class='ocrx_word' id='word_1_314' title='bbox 414 3769 497 3820; x_wconf 79' lang='lat' dir='ltr'>Bsuv.</span> <span class='ocrx_word' id='word_1_315' title='bbox 513 3769 586 3820; x_wconf 79' lang='lat' dir='ltr'>Puri..</span> <span class='ocrx_word' id='word_1_316' title='bbox 601 3770 632 3820; x_wconf 85' lang='grc' dir='ltr'>Τ.</span> <span class='ocrx_word' id='word_1_317' title='bbox 645 3769 666 3818; x_wconf 91' lang='lat' dir='ltr'>i.</span> <span class='ocrx_word' id='word_1_318' title='bbox 681 3766 765 3817; x_wconf 85' lang='grc'><strong>-10,</strong></span> 
     </span>
    </p>
   </div>
   <div class='ocr_carea' id='block_1_4' title="bbox 0 0 1340 4242">
    <p class='ocr_par' dir='ltr' id='par_1_10' title="bbox 0 0 1340 4242">
     <span class='ocr_line' id='line_1_45' title="bbox 0 0 1340 4242; baseline 0 0"><span class='ocrx_word' id='word_1_319' title='bbox 0 0 1340 4242; x_wconf 95' lang='lat' dir='ltr'> </span> 
     </span>
    </p>
   </div>
  </div>
 </body>
</html>
