<?xml version="1.0" encoding="UTF-8"?>
<!DOCTYPE html PUBLIC "-//W3C//DTD XHTML 1.0 Transitional//EN"
    "http://www.w3.org/TR/xhtml1/DTD/xhtml1-transitional.dtd">
<html xmlns="http://www.w3.org/1999/xhtml" xml:lang="en" lang="en">
 <head>
  <title>
</title>
<meta http-equiv="Content-Type" content="text/html;charset=utf-8" />
  <meta name='ocr-system' content='tesseract 3.04.00' />
  <meta name='ocr-capabilities' content='ocr_page ocr_carea ocr_par ocr_line ocrx_word'/>
</head>
<body>
  <div class='ocr_page' id='page_1' title='image "./brevariumphilos01grangoog_0186.png"; bbox 0 0 2650 4242; ppageno 0'>
   <div class='ocr_carea' id='block_1_1' title="bbox 232 210 928 274">
    <p class='ocr_par' dir='ltr' id='par_1_1' title="bbox 232 210 928 274">
     <span class='ocr_line' id='line_1_1' title="bbox 232 210 928 274; baseline 0.003 -2"><span class='ocrx_word' id='word_1_1' title='bbox 232 210 289 272; x_wconf 73' lang='lat' dir='ltr'>lto</span> <span class='ocrx_word' id='word_1_2' title='bbox 529 228 708 274; x_wconf 74' lang='lat' dir='ltr'>saeviamus</span> <span class='ocrx_word' id='word_1_3' title='bbox 728 229 928 274; x_wconf 78' lang='lat' dir='ltr'>rnnosorrnat</span> 
     </span>
    </p>
   </div>
   <div class='ocr_carea' id='block_1_2' title="bbox 156 341 1240 3132">
    <p class='ocr_par' dir='ltr' id='par_1_2' title="bbox 156 341 1240 3132">
     <span class='ocr_line' id='line_1_2' title="bbox 231 341 1240 422; baseline 0 -18"><span class='ocrx_word' id='word_1_4' title='bbox 231 360 300 422; x_wconf 84' lang='lat' dir='ltr'>quae</span> <span class='ocrx_word' id='word_1_5' title='bbox 316 343 382 403; x_wconf 89' lang='lat' dir='ltr'>enti</span> <span class='ocrx_word' id='word_1_6' title='bbox 392 341 600 405; x_wconf 85' lang='lat' dir='ltr'>conveniunt.</span> <span class='ocrx_word' id='word_1_7' title='bbox 617 342 1240 420; x_wconf 61' lang='grc'><strong>1111111101111111111111111111</strong></span> 
     </span>
     <span class='ocr_line' id='line_1_3' title="bbox 229 421 1237 503; baseline -0.004 -18"><span class='ocrx_word' id='word_1_8' title='bbox 229 428 284 485; x_wconf 84' lang='lat' dir='ltr'>est.</span> <span class='ocrx_word' id='word_1_9' title='bbox 296 424 419 483; x_wconf 84' lang='lat' dir='ltr'>Tamen</span> <span class='ocrx_word' id='word_1_10' title='bbox 434 423 762 486; x_wconf 83' lang='lat' dir='ltr'>animadvertendum</span> <span class='ocrx_word' id='word_1_11' title='bbox 778 431 827 485; x_wconf 91' lang='lat' dir='ltr'>est</span> <span class='ocrx_word' id='word_1_12' title='bbox 840 424 892 486; x_wconf 87' lang='lat' dir='ltr'>hie</span> <span class='ocrx_word' id='word_1_13' title='bbox 907 441 973 486; x_wconf 92' lang='lat' dir='ltr'>non</span> <span class='ocrx_word' id='word_1_14' title='bbox 995 427 1050 503; x_wconf 83' lang='lat' dir='ltr'>agi</span> <span class='ocrx_word' id='word_1_15' title='bbox 1064 425 1107 486; x_wconf 92' lang='lat' dir='ltr'>de</span> <span class='ocrx_word' id='word_1_16' title='bbox 1124 421 1237 485; x_wconf 89' lang='lat' dir='ltr'>defini-</span> 
     </span>
     <span class='ocr_line' id='line_1_4' title="bbox 229 503 1239 579; baseline 0.001 -16"><span class='ocrx_word' id='word_1_17' title='bbox 229 506 318 564; x_wconf 84' lang='lat' dir='ltr'>tione</span> <span class='ocrx_word' id='word_1_18' title='bbox 332 505 463 579; x_wconf 90' lang='lat' dir='ltr'>proprie</span> <span class='ocrx_word' id='word_1_19' title='bbox 478 503 580 572; x_wconf 87' lang='lat' dir='ltr'>dicta;</span> <span class='ocrx_word' id='word_1_20' title='bbox 603 504 744 566; x_wconf 79' lang='lat' dir='ltr'>essentia</span> <span class='ocrx_word' id='word_1_21' title='bbox 761 506 859 576; x_wconf 91' lang='lat' dir='ltr'>enim,</span> <span class='ocrx_word' id='word_1_22' title='bbox 884 520 952 566; x_wconf 90' lang='lat' dir='ltr'>non</span> <span class='ocrx_word' id='word_1_23' title='bbox 977 520 1076 566; x_wconf 86' lang='lat' dir='ltr'>secus</span> <span class='ocrx_word' id='word_1_24' title='bbox 1101 519 1141 564; x_wconf 85' lang='lat' dir='ltr'>ao</span> <span class='ocrx_word' id='word_1_25' title='bbox 1171 517 1239 577; x_wconf 86' lang='lat' dir='ltr'>ens,</span> 
     </span>
     <span class='ocr_line' id='line_1_5' title="bbox 229 581 1010 661; baseline 0 -17"><span class='ocrx_word' id='word_1_26' title='bbox 229 584 340 644; x_wconf 90' lang='lat' dir='ltr'>stricte</span> <span class='ocrx_word' id='word_1_27' title='bbox 356 581 482 642; x_wconf 90' lang='lat' dir='ltr'>definiri</span> <span class='ocrx_word' id='word_1_28' title='bbox 493 585 620 660; x_wconf 86' lang='lat' dir='ltr'>nequit,</span> <span class='ocrx_word' id='word_1_29' title='bbox 636 585 711 645; x_wconf 84' lang='grc'><strong>11111</strong></span> <span class='ocrx_word' id='word_1_30' title='bbox 726 583 884 645; x_wconf 89' lang='lat' dir='ltr'>declarari</span> <span class='ocrx_word' id='word_1_31' title='bbox 899 585 1010 661; x_wconf 82' lang='lat' dir='ltr'><strong>possit</strong></span> 
     </span>
     <span class='ocr_line' id='line_1_6' title="bbox 267 661 1236 758; baseline 0 -35"><span class='ocrx_word' id='word_1_32' title='bbox 267 661 421 736; x_wconf 73' lang='lat' dir='ltr'>Explicat</span> <span class='ocrx_word' id='word_1_33' title='bbox 422 679 463 722; x_wconf 82' lang='lat' dir='ltr'>ur</span> <span class='ocrx_word' id='word_1_34' title='bbox 476 664 532 723; x_wconf 80' lang='lat' dir='ltr'>alat</span> <span class='ocrx_word' id='word_1_35' title='bbox 534 680 555 722; x_wconf 90' lang='lat' dir='ltr'><em>a</em></span> <span class='ocrx_word' id='word_1_36' title='bbox 569 664 640 738; x_wconf 77' lang='lat' dir='ltr'>dest</span> <span class='ocrx_word' id='word_1_37' title='bbox 631 666 721 725; x_wconf 76' lang='lat' dir='ltr'>altra</span> <span class='ocrx_word' id='word_1_38' title='bbox 739 667 773 725; x_wconf 92' lang='lat' dir='ltr'>ln</span> <span class='ocrx_word' id='word_1_39' title='bbox 790 664 935 758; x_wconf 81' lang='lat' dir='ltr'>qualibet</span> <span class='ocrx_word' id='word_1_40' title='bbox 955 679 991 723; x_wconf 93' lang='lat' dir='ltr'>re</span> <span class='ocrx_word' id='word_1_41' title='bbox 1010 669 1087 724; x_wconf 88' lang='lat' dir='ltr'>sunt</span> <span class='ocrx_word' id='word_1_42' title='bbox 1104 665 1236 740; x_wconf 61' lang='grc'><strong>101111-</strong></span> 
     </span>
     <span class='ocr_line' id='line_1_7' title="bbox 231 740 1239 820; baseline 0 -18"><span class='ocrx_word' id='word_1_43' title='bbox 231 740 308 802; x_wconf 88' lang='lat' dir='ltr'>dam</span> <span class='ocrx_word' id='word_1_44' title='bbox 320 745 404 801; x_wconf 90' lang='lat' dir='ltr'>notae</span> <span class='ocrx_word' id='word_1_45' title='bbox 419 743 490 802; x_wconf 91' lang='lat' dir='ltr'>sine</span> <span class='ocrx_word' id='word_1_46' title='bbox 506 744 625 819; x_wconf 89' lang='lat' dir='ltr'>quihus</span> <span class='ocrx_word' id='word_1_47' title='bbox 638 744 705 804; x_wconf 86' lang='lat' dir='ltr'>haec</span> <span class='ocrx_word' id='word_1_48' title='bbox 719 761 773 804; x_wconf 91' lang='lat' dir='ltr'>res</span> <span class='ocrx_word' id='word_1_49' title='bbox 790 743 917 818; x_wconf 82' lang='lat' dir='ltr'>concipi</span> <span class='ocrx_word' id='word_1_50' title='bbox 930 745 1070 820; x_wconf 88' lang='lat' dir='ltr'>nequit:</span> <span class='ocrx_word' id='word_1_51' title='bbox 1091 760 1123 804; x_wconf 89' lang='lat' dir='ltr'>v.</span> <span class='ocrx_word' id='word_1_52' title='bbox 1140 757 1192 820; x_wconf 85' lang='lat' dir='ltr'>gr.</span> <span class='ocrx_word' id='word_1_53' title='bbox 1210 745 1239 802; x_wconf 90' lang='lat' dir='ltr'>in</span> 
     </span>
     <span class='ocr_line' id='line_1_8' title="bbox 192 821 1240 904; baseline 0 -22"><span class='ocrx_word' id='word_1_54' title='bbox 192 895 200 904; x_wconf 26' lang='lat'>¹</span> <span class='ocrx_word' id='word_1_55' title='bbox 231 827 394 898; x_wconf 88' lang='lat' dir='ltr'>conceptu</span> <span class='ocrx_word' id='word_1_56' title='bbox 407 821 558 892; x_wconf 85' lang='lat' dir='ltr'>hnmrms</span> <span class='ocrx_word' id='word_1_57' title='bbox 584 826 674 885; x_wconf 90' lang='lat' dir='ltr'>notio</span> <span class='ocrx_word' id='word_1_58' title='bbox 695 840 749 884; x_wconf 84' lang='lat' dir='ltr'>aa</span> <span class='ocrx_word' id='word_1_59' title='bbox 739 824 907 884; x_wconf 73' lang='lat' dir='ltr'>mulctatos</span> <span class='ocrx_word' id='word_1_60' title='bbox 931 825 965 882; x_wconf 88' lang='lat' dir='ltr'>et</span> <span class='ocrx_word' id='word_1_61' title='bbox 991 823 1240 894; x_wconf 70' lang='lat' dir='ltr'>rationalitatis,</span> 
     </span>
     <span class='ocr_line' id='line_1_9' title="bbox 229 900 1237 980; baseline -0.002 -18"><span class='ocrx_word' id='word_1_62' title='bbox 229 903 433 977; x_wconf 91' lang='lat' dir='ltr'>inconceptu</span> <span class='ocrx_word' id='word_1_63' title='bbox 446 901 609 980; x_wconf 79' lang='lat' dir='ltr'>trianguli,</span> <span class='ocrx_word' id='word_1_64' title='bbox 632 903 721 963; x_wconf 90' lang='lat' dir='ltr'>notio</span> <span class='ocrx_word' id='word_1_65' title='bbox 746 904 942 978; x_wconf 76' lang='lat' dir='ltr'>appulerant</span> <span class='ocrx_word' id='word_1_66' title='bbox 959 918 1098 964; x_wconf 89' lang='lat' dir='ltr'>numero</span> <span class='ocrx_word' id='word_1_67' title='bbox 1122 900 1237 974; x_wconf 88' lang='lat' dir='ltr'>trium;</span> 
     </span>
     <span class='ocr_line' id='line_1_10' title="bbox 229 951 1239 1074; baseline -0.002 -32"><span class='ocrx_word' id='word_1_68' title='bbox 229 984 308 1042; x_wconf 93' lang='lat' dir='ltr'>sunt</span> <span class='ocrx_word' id='word_1_69' title='bbox 340 982 560 1041; x_wconf 72' lang='grc'><strong>1111121111</strong></span> <span class='ocrx_word' id='word_1_70' title='bbox 574 985 657 1042; x_wconf 84' lang='lat' dir='ltr'>notae</span> <span class='ocrx_word' id='word_1_71' title='bbox 673 984 740 1042; x_wconf 89' lang='lat' dir='ltr'>sine</span> <span class='ocrx_word' id='word_1_72' title='bbox 755 983 1019 1074; x_wconf 76' lang='lat' dir='ltr'>quibusintelligt</span> <span class='ocrx_word' id='word_1_73' title='bbox 1032 986 1147 1059; x_wconf 88' lang='lat' dir='ltr'>potest</span> <span class='ocrx_word' id='word_1_74' title='bbox 1162 951 1239 1058; x_wconf 81' lang='lat' dir='ltr'>quid</span> 
     </span>
     <span class='ocr_line' id='line_1_11' title="bbox 229 1059 1237 1140; baseline 0.001 -19"><span class='ocrx_word' id='word_1_75' title='bbox 229 1077 283 1122; x_wconf 90' lang='lat' dir='ltr'>res</span> <span class='ocrx_word' id='word_1_76' title='bbox 298 1061 360 1120; x_wconf 86' lang='lat' dir='ltr'>sit:</span> <span class='ocrx_word' id='word_1_77' title='bbox 375 1077 406 1122; x_wconf 90' lang='lat' dir='ltr'>v</span> <span class='ocrx_word' id='word_1_78' title='bbox 420 1075 453 1138; x_wconf 85' lang='lat' dir='ltr'>g</span> <span class='ocrx_word' id='word_1_79' title='bbox 471 1061 504 1120; x_wconf 90' lang='lat' dir='ltr'>in</span> <span class='ocrx_word' id='word_1_80' title='bbox 527 1068 690 1138; x_wconf 88' lang='lat' dir='ltr'>conceptu</span> <span class='ocrx_word' id='word_1_81' title='bbox 702 1061 842 1123; x_wconf 84' lang='lat' dir='ltr'>homrms</span> <span class='ocrx_word' id='word_1_82' title='bbox 864 1062 952 1122; x_wconf 89' lang='lat' dir='ltr'>notio</span> <span class='ocrx_word' id='word_1_83' title='bbox 969 1062 1098 1133; x_wconf 72' lang='lat' dir='ltr'>coloris</span> <span class='ocrx_word' id='word_1_84' title='bbox 1112 1059 1237 1140; x_wconf 87' lang='lat' dir='ltr'>figurae,</span> 
     </span>
     <span class='ocr_line' id='line_1_12' title="bbox 230 1138 1239 1218; baseline 0 -17"><span class='ocrx_word' id='word_1_85' title='bbox 230 1145 292 1202; x_wconf 88' lang='lat' dir='ltr'>etc.</span> <span class='ocrx_word' id='word_1_86' title='bbox 309 1138 419 1201; x_wconf 72' lang='lat' dir='ltr'>Primae</span> <span class='ocrx_word' id='word_1_87' title='bbox 433 1143 538 1200; x_wconf 79' lang='grc'><strong>11111·</strong></span> <span class='ocrx_word' id='word_1_88' title='bbox 530 1153 636 1216; x_wconf 83' lang='lat' dir='ltr'>tpsam</span> <span class='ocrx_word' id='word_1_89' title='bbox 657 1143 836 1202; x_wconf 85' lang='lat' dir='ltr'>essentiam</span> <span class='ocrx_word' id='word_1_90' title='bbox 850 1140 898 1202; x_wconf 91' lang='lat' dir='ltr'>rei</span> <span class='ocrx_word' id='word_1_91' title='bbox 922 1143 1239 1218; x_wconf 74' lang='lat' dir='ltr'>constituuntque</span> 
     </span>
     <span class='ocr_line' id='line_1_13' title="bbox 229 1220 1238 1298; baseline 0.003 -18"><span class='ocrx_word' id='word_1_92' title='bbox 229 1220 300 1281; x_wconf 91' lang='lat' dir='ltr'>sine</span> <span class='ocrx_word' id='word_1_93' title='bbox 318 1221 397 1297; x_wconf 90' lang='lat' dir='ltr'>ipsis</span> <span class='ocrx_word' id='word_1_94' title='bbox 417 1221 490 1280; x_wconf 84' lang='lat' dir='ltr'>haec</span> <span class='ocrx_word' id='word_1_95' title='bbox 511 1222 564 1281; x_wconf 82' lang='lat' dir='ltr'>res</span> <span class='ocrx_word' id='word_1_96' title='bbox 588 1223 727 1297; x_wconf 91' lang='lat' dir='ltr'>amplius</span> <span class='ocrx_word' id='word_1_97' title='bbox 748 1237 815 1282; x_wconf 92' lang='lat' dir='ltr'>non</span> <span class='ocrx_word' id='word_1_98' title='bbox 844 1223 943 1290; x_wconf 89' lang='lat' dir='ltr'>esset,</span> <span class='ocrx_word' id='word_1_99' title='bbox 970 1237 1081 1298; x_wconf 87' lang='lat' dir='ltr'>neque</span> <span class='ocrx_word' id='word_1_100' title='bbox 1104 1225 1145 1281; x_wconf 93' lang='lat' dir='ltr'>ut</span> <span class='ocrx_word' id='word_1_101' title='bbox 1170 1222 1238 1283; x_wconf 91' lang='lat' dir='ltr'>talis</span> 
     </span>
     <span class='ocr_line' id='line_1_14' title="bbox 230 1299 1238 1392; baseline 0.002 -32"><span class='ocrx_word' id='word_1_102' title='bbox 230 1300 358 1392; x_wconf 75' lang='lat' dir='ltr'>concipi</span> <span class='ocrx_word' id='word_1_103' title='bbox 368 1302 496 1378; x_wconf 68' lang='lat' dir='ltr'>possen</span> <span class='ocrx_word' id='word_1_104' title='bbox 512 1299 668 1362; x_wconf 86' lang='lat' dir='ltr'>secundae</span> <span class='ocrx_word' id='word_1_105' title='bbox 677 1305 771 1373; x_wconf 80' lang='lat' dir='ltr'>note</span> <span class='ocrx_word' id='word_1_106' title='bbox 785 1318 855 1379; x_wconf 79' lang='lat' dir='ltr'>qua</span> <span class='ocrx_word' id='word_1_107' title='bbox 871 1315 930 1362; x_wconf 89' lang='lat' dir='ltr'>eus</span> <span class='ocrx_word' id='word_1_108' title='bbox 944 1299 1049 1377; x_wconf 86' lang='lat' dir='ltr'>ipsum</span> <span class='ocrx_word' id='word_1_109' title='bbox 1065 1317 1134 1362; x_wconf 91' lang='lat' dir='ltr'>non</span> <span class='ocrx_word' id='word_1_110' title='bbox 1147 1316 1238 1362; x_wconf 87' lang='lat' dir='ltr'>cons·</span> 
     </span>
     <span class='ocr_line' id='line_1_15' title="bbox 156 1378 1239 1457; baseline 0.005 -22"><span class='ocrx_word' id='word_1_111' title='bbox 156 1431 161 1435; x_wconf 79' lang='grc'><strong>.</strong></span> <span class='ocrx_word' id='word_1_112' title='bbox 228 1379 361 1452; x_wconf 91' lang='lat' dir='ltr'>tituunt,</span> <span class='ocrx_word' id='word_1_113' title='bbox 387 1378 449 1441; x_wconf 90' lang='lat' dir='ltr'>sed</span> <span class='ocrx_word' id='word_1_114' title='bbox 463 1379 704 1455; x_wconf 86' lang='lat' dir='ltr'>quodammodo</span> <span class='ocrx_word' id='word_1_115' title='bbox 715 1380 898 1457; x_wconf 80' lang='lat' dir='ltr'>perficiunt</span> <span class='ocrx_word' id='word_1_116' title='bbox 913 1378 1065 1441; x_wconf 91' lang='lat' dir='ltr'>dicuntur</span> <span class='ocrx_word' id='word_1_117' title='bbox 1085 1378 1239 1442; x_wconf 84' lang='lat' dir='ltr'>acciden-</span> 
     </span>
     <span class='ocr_line' id='line_1_16' title="bbox 230 1460 1237 1553; baseline 0 -34"><span class='ocrx_word' id='word_1_118' title='bbox 230 1460 275 1520; x_wconf 89' lang='lat' dir='ltr'>tia</span> <span class='ocrx_word' id='word_1_119' title='bbox 293 1460 451 1520; x_wconf 77' lang='lat' dir='ltr'>essentie.</span> <span class='ocrx_word' id='word_1_120' title='bbox 458 1461 608 1522; x_wconf 86' lang='lat' dir='ltr'>Essentia</span> <span class='ocrx_word' id='word_1_121' title='bbox 629 1477 707 1553; x_wconf 82' lang='lat' dir='ltr'>ergo</span> <span class='ocrx_word' id='word_1_122' title='bbox 729 1467 779 1523; x_wconf 89' lang='lat' dir='ltr'>est</span> <span class='ocrx_word' id='word_1_123' title='bbox 790 1461 979 1537; x_wconf 80' lang='lat' dir='ltr'>complexus</span> <span class='ocrx_word' id='word_1_124' title='bbox 989 1467 1141 1522; x_wconf 90' lang='lat' dir='ltr'>notarum</span> <span class='ocrx_word' id='word_1_125' title='bbox 1165 1476 1237 1520; x_wconf 90' lang='lat' dir='ltr'>con·</span> 
     </span>
     <span class='ocr_line' id='line_1_17' title="bbox 230 1540 1236 1618; baseline 0.002 -20"><span class='ocrx_word' id='word_1_126' title='bbox 230 1541 457 1607; x_wconf 79' lang='lat' dir='ltr'>stiturvarum</span> <span class='ocrx_word' id='word_1_127' title='bbox 493 1556 564 1618; x_wconf 75' lang='lat' dir='ltr'>quae</span> <span class='ocrx_word' id='word_1_128' title='bbox 591 1556 659 1600; x_wconf 87' lang='lat' dir='ltr'>rem</span> <span class='ocrx_word' id='word_1_129' title='bbox 687 1540 991 1616; x_wconf 78' lang='grc'><strong>11111111,1111111111,</strong></span> <span class='ocrx_word' id='word_1_130' title='bbox 1021 1542 1236 1612; x_wconf 89' lang='lat' dir='ltr'>constituunt,</span> 
     </span>
     <span class='ocr_line' id='line_1_18' title="bbox 229 1618 1207 1697; baseline 0.001 -17"><span class='ocrx_word' id='word_1_131' title='bbox 229 1624 263 1681; x_wconf 92' lang='lat' dir='ltr'>et</span> <span class='ocrx_word' id='word_1_132' title='bbox 275 1618 351 1680; x_wconf 93' lang='lat' dir='ltr'>ideo</span> <span class='ocrx_word' id='word_1_133' title='bbox 366 1620 499 1680; x_wconf 76' lang='lat' dir='ltr'>essentia</span> <span class='ocrx_word' id='word_1_134' title='bbox 513 1626 563 1679; x_wconf 92' lang='lat' dir='ltr'>est</span> <span class='ocrx_word' id='word_1_135' title='bbox 576 1619 609 1680; x_wconf 94' lang='lat' dir='ltr'>id</span> <span class='ocrx_word' id='word_1_136' title='bbox 625 1636 691 1697; x_wconf 91' lang='lat' dir='ltr'>quo</span> <span class='ocrx_word' id='word_1_137' title='bbox 706 1637 760 1681; x_wconf 91' lang='lat' dir='ltr'>res</span> <span class='ocrx_word' id='word_1_138' title='bbox 775 1620 979 1681; x_wconf 83' lang='lat' dir='ltr'>constituitur</span> <span class='ocrx_word' id='word_1_139' title='bbox 992 1619 1026 1680; x_wconf 95' lang='lat' dir='ltr'>id</span> <span class='ocrx_word' id='word_1_140' title='bbox 1042 1619 1133 1696; x_wconf 89' lang='lat' dir='ltr'>quod</span> <span class='ocrx_word' id='word_1_141' title='bbox 1147 1626 1207 1682; x_wconf 89' lang='lat' dir='ltr'>est.</span> 
     </span>
     <span class='ocr_line' id='line_1_19' title="bbox 267 1698 1234 1792; baseline -0.001 -33"><span class='ocrx_word' id='word_1_142' title='bbox 267 1699 413 1760; x_wconf 83' lang='lat' dir='ltr'>Essentia</span> <span class='ocrx_word' id='word_1_143' title='bbox 437 1698 678 1779; x_wconf 84' lang='lat' dir='ltr'>aScholasticis</span> <span class='ocrx_word' id='word_1_144' title='bbox 692 1699 875 1792; x_wconf 81' lang='lat' dir='ltr'>nuncupari</span> <span class='ocrx_word' id='word_1_145' title='bbox 889 1699 972 1760; x_wconf 86' lang='lat' dir='ltr'>solet</span> <span class='ocrx_word' id='word_1_146' title='bbox 993 1699 1167 1776; x_wconf 78' lang='lat' dir='ltr'>qatddttus.</span> <span class='ocrx_word' id='word_1_147' title='bbox 1197 1714 1234 1759; x_wconf 89' lang='lat' dir='ltr'>eo</span> 
     </span>
     <span class='ocr_line' id='line_1_20' title="bbox 228 1778 1238 1872; baseline 0.002 -34"><span class='ocrx_word' id='word_1_148' title='bbox 228 1780 304 1855; x_wconf 85' lang='lat' dir='ltr'>quia</span> <span class='ocrx_word' id='word_1_149' title='bbox 320 1793 464 1854; x_wconf 90' lang='lat' dir='ltr'>peream</span> <span class='ocrx_word' id='word_1_150' title='bbox 479 1794 673 1872; x_wconf 82' lang='lat' dir='ltr'>responsum</span> <span class='ocrx_word' id='word_1_151' title='bbox 697 1778 846 1842; x_wconf 82' lang='lat' dir='ltr'>redditur</span> <span class='ocrx_word' id='word_1_152' title='bbox 863 1779 1135 1857; x_wconf 84' lang='lat' dir='ltr'>interrogationi:</span> <span class='ocrx_word' id='word_1_153' title='bbox 1155 1779 1238 1850; x_wconf 78' lang='lat' dir='ltr'>Qata</span> 
     </span>
     <span class='ocr_line' id='line_1_21' title="bbox 226 1856 1236 1952; baseline -0.001 -35"><span class='ocrx_word' id='word_1_154' title='bbox 226 1874 280 1919; x_wconf 83' lang='lat' dir='ltr'>res</span> <span class='ocrx_word' id='word_1_155' title='bbox 291 1860 349 1930; x_wconf 81' lang='grc'>111</span> <span class='ocrx_word' id='word_1_156' title='bbox 362 1856 437 1918; x_wconf 92' lang='lat' dir='ltr'>huic</span> <span class='ocrx_word' id='word_1_157' title='bbox 466 1859 553 1918; x_wconf 91' lang='lat' dir='ltr'>enim</span> <span class='ocrx_word' id='word_1_158' title='bbox 574 1861 815 1936; x_wconf 85' lang='lat' dir='ltr'>percontationi</span> <span class='ocrx_word' id='word_1_159' title='bbox 840 1859 1061 1952; x_wconf 84' lang='lat' dir='ltr'>respondetur</span> <span class='ocrx_word' id='word_1_160' title='bbox 1080 1861 1151 1920; x_wconf 92' lang='lat' dir='ltr'>sive</span> <span class='ocrx_word' id='word_1_161' title='bbox 1176 1875 1236 1934; x_wconf 90' lang='lat' dir='ltr'>per</span> 
     </span>
     <span class='ocr_line' id='line_1_22' title="bbox 226 1938 1233 2016; baseline 0 -18"><span class='ocrx_word' id='word_1_162' title='bbox 226 1953 342 1998; x_wconf 82' lang='lat' dir='ltr'>nomeu</span> <span class='ocrx_word' id='word_1_163' title='bbox 354 1939 591 2031; x_wconf 71' lang='lat' dir='ltr'>rctproprt&#39;am,</span> <span class='ocrx_word' id='word_1_164' title='bbox 608 1938 698 2016; x_wconf 89' lang='lat' dir='ltr'>quod</span> <span class='ocrx_word' id='word_1_165' title='bbox 711 1939 849 2000; x_wconf 85' lang='lat' dir='ltr'>confusae</span> <span class='ocrx_word' id='word_1_166' title='bbox 860 1939 983 2000; x_wconf 91' lang='lat' dir='ltr'>notioni</span> <span class='ocrx_word' id='word_1_167' title='bbox 998 1939 1150 2000; x_wconf 83' lang='lat' dir='ltr'>essentiae</span> <span class='ocrx_word' id='word_1_168' title='bbox 1164 1954 1233 1998; x_wconf 89' lang='lat' dir='ltr'>res-</span> 
     </span>
     <span class='ocr_line' id='line_1_23' title="bbox 226 2016 1235 2098; baseline 0.002 -21"><span class='ocrx_word' id='word_1_169' title='bbox 226 2016 362 2094; x_wconf 87' lang='lat' dir='ltr'>pendet,</span> <span class='ocrx_word' id='word_1_170' title='bbox 379 2019 447 2078; x_wconf 90' lang='lat' dir='ltr'>sive</span> <span class='ocrx_word' id='word_1_171' title='bbox 468 2033 529 2094; x_wconf 89' lang='lat' dir='ltr'>per</span> <span class='ocrx_word' id='word_1_172' title='bbox 542 2019 638 2094; x_wconf 77' lang='lat' dir='ltr'>aesta</span> <span class='ocrx_word' id='word_1_173' title='bbox 626 2021 764 2092; x_wconf 81' lang='lat' dir='ltr'>tttottem,</span> <span class='ocrx_word' id='word_1_174' title='bbox 788 2035 858 2098; x_wconf 85' lang='lat' dir='ltr'>quae</span> <span class='ocrx_word' id='word_1_175' title='bbox 882 2017 1066 2080; x_wconf 89' lang='lat' dir='ltr'>distinctam</span> <span class='ocrx_word' id='word_1_176' title='bbox 1085 2017 1235 2080; x_wconf 84' lang='lat' dir='ltr'>essentia</span> 
     </span>
     <span class='ocr_line' id='line_1_24' title="bbox 230 2097 553 2158; baseline 0 -1"><span class='ocrx_word' id='word_1_177' title='bbox 230 2097 398 2157; x_wconf 91' lang='lat' dir='ltr'>notionem</span> <span class='ocrx_word' id='word_1_178' title='bbox 413 2097 553 2158; x_wconf 82' lang='lat' dir='ltr'>exhibet.</span> 
     </span>
     <span class='ocr_line' id='line_1_25' title="bbox 191 2175 1232 2258; baseline 0 -22"><span class='ocrx_word' id='word_1_179' title='bbox 191 2254 194 2258; x_wconf 9' lang='grc' dir='ltr'><strong>λ</strong></span> <span class='ocrx_word' id='word_1_180' title='bbox 267 2177 312 2236; x_wconf 81' lang='lat' dir='ltr'>Ex</span> <span class='ocrx_word' id='word_1_181' title='bbox 327 2175 420 2237; x_wconf 87' lang='lat' dir='ltr'>dictis</span> <span class='ocrx_word' id='word_1_182' title='bbox 435 2181 524 2252; x_wconf 88' lang='lat' dir='ltr'>patet</span> <span class='ocrx_word' id='word_1_183' title='bbox 545 2193 659 2238; x_wconf 89' lang='lat' dir='ltr'>omnes</span> <span class='ocrx_word' id='word_1_184' title='bbox 682 2181 795 2239; x_wconf 85' lang='lat' dir='ltr'>essent</span> <span class='ocrx_word' id='word_1_185' title='bbox 796 2179 831 2240; x_wconf 89' lang='grc'>11</span> <span class='ocrx_word' id='word_1_186' title='bbox 783 2175 1061 2246; x_wconf 86' lang='lat' dir='ltr'>tdefinitiones,</span> <span class='ocrx_word' id='word_1_187' title='bbox 1079 2193 1152 2254; x_wconf 84' lang='lat' dir='ltr'>quae</span> <span class='ocrx_word' id='word_1_188' title='bbox 1164 2175 1232 2237; x_wconf 85' lang='lat' dir='ltr'>dari</span> 
     </span>
     <span class='ocr_line' id='line_1_26' title="bbox 227 2255 1233 2334; baseline 0.001 -18"><span class='ocrx_word' id='word_1_189' title='bbox 227 2256 346 2328; x_wconf 88' lang='lat' dir='ltr'>soient,</span> <span class='ocrx_word' id='word_1_190' title='bbox 363 2255 482 2316; x_wconf 88' lang='lat' dir='ltr'>eodem</span> <span class='ocrx_word' id='word_1_191' title='bbox 496 2256 656 2317; x_wconf 86' lang='lat' dir='ltr'>recidere</span> <span class='ocrx_word' id='word_1_192' title='bbox 671 2257 807 2332; x_wconf 86' lang='lat' dir='ltr'>Quando</span> <span class='ocrx_word' id='word_1_193' title='bbox 831 2257 916 2318; x_wconf 91' lang='lat' dir='ltr'>enirn</span> <span class='ocrx_word' id='word_1_194' title='bbox 932 2273 949 2317; x_wconf 91' lang='lat' dir='ltr'>a</span> <span class='ocrx_word' id='word_1_195' title='bbox 965 2255 1162 2334; x_wconf 85' lang='lat' dir='ltr'>quibusdam</span> <span class='ocrx_word' id='word_1_196' title='bbox 1180 2257 1233 2318; x_wconf 90' lang='lat' dir='ltr'>de</span> 
     </span>
     <span class='ocr_line' id='line_1_27' title="bbox 224 2333 1231 2412; baseline 0 -16"><span class='ocrx_word' id='word_1_197' title='bbox 224 2333 359 2397; x_wconf 87' lang='lat' dir='ltr'>finitur:</span> <span class='ocrx_word' id='word_1_198' title='bbox 376 2337 627 2412; x_wconf 81' lang='lat' dir='ltr'>idqaodprtmo</span> <span class='ocrx_word' id='word_1_199' title='bbox 642 2339 763 2398; x_wconf 77' lang='lat' dir='ltr'>decute</span> <span class='ocrx_word' id='word_1_200' title='bbox 778 2340 967 2412; x_wconf 72' lang='lat' dir='ltr'>concapttar,</span> <span class='ocrx_word' id='word_1_201' title='bbox 993 2341 1051 2398; x_wconf 88' lang='lat' dir='ltr'>aut</span> <span class='ocrx_word' id='word_1_202' title='bbox 1074 2337 1115 2397; x_wconf 89' lang='lat' dir='ltr'>ab</span> <span class='ocrx_word' id='word_1_203' title='bbox 1138 2336 1231 2397; x_wconf 89' lang='lat' dir='ltr'>aliis:</span> 
     </span>
     <span class='ocr_line' id='line_1_28' title="bbox 220 2417 1231 2493; baseline 0.002 -19"><span class='ocrx_word' id='word_1_204' title='bbox 220 2417 423 2491; x_wconf 78' lang='lat' dir='ltr'>principiam</span> <span class='ocrx_word' id='word_1_205' title='bbox 436 2431 550 2474; x_wconf 84' lang='lat' dir='ltr'>corant</span> <span class='ocrx_word' id='word_1_206' title='bbox 563 2418 709 2476; x_wconf 84' lang='lat' dir='ltr'>amatam</span> <span class='ocrx_word' id='word_1_207' title='bbox 728 2434 798 2493; x_wconf 78' lang='lat' dir='ltr'>qaae</span> <span class='ocrx_word' id='word_1_208' title='bbox 822 2419 888 2476; x_wconf 75' lang='lat' dir='ltr'>cati</span> <span class='ocrx_word' id='word_1_209' title='bbox 911 2419 1090 2478; x_wconf 76' lang='lat' dir='ltr'>necessario</span> <span class='ocrx_word' id='word_1_210' title='bbox 1111 2418 1231 2488; x_wconf 77' lang='lat' dir='ltr'>insunt,</span> 
     </span>
     <span class='ocr_line' id='line_1_29' title="bbox 225 2494 1187 2589; baseline -0.001 -33"><span class='ocrx_word' id='word_1_211' title='bbox 225 2510 358 2570; x_wconf 86' lang='lat' dir='ltr'>semper</span> <span class='ocrx_word' id='word_1_212' title='bbox 379 2495 550 2556; x_wconf 83' lang='lat' dir='ltr'>exhibetur</span> <span class='ocrx_word' id='word_1_213' title='bbox 564 2496 708 2573; x_wconf 86' lang='lat' dir='ltr'>essentia</span> <span class='ocrx_word' id='word_1_214' title='bbox 721 2503 757 2558; x_wconf 90' lang='lat' dir='ltr'>ut</span> <span class='ocrx_word' id='word_1_215' title='bbox 771 2494 804 2556; x_wconf 93' lang='lat' dir='ltr'>id</span> <span class='ocrx_word' id='word_1_216' title='bbox 818 2511 884 2589; x_wconf 75' lang='lat' dir='ltr'>ouo</span> <span class='ocrx_word' id='word_1_217' title='bbox 900 2510 954 2555; x_wconf 86' lang='lat' dir='ltr'>res</span> <span class='ocrx_word' id='word_1_218' title='bbox 969 2496 1187 2556; x_wconf 88' lang='lat' dir='ltr'>constituitur.</span> 
     </span>
     <span class='ocr_line' id='line_1_30' title="bbox 263 2573 1231 2653; baseline -0.001 -18"><span class='ocrx_word' id='word_1_219' title='bbox 263 2575 389 2635; x_wconf 77' lang='lat'>276.-</span> <span class='ocrx_word' id='word_1_220' title='bbox 402 2575 549 2636; x_wconf 88' lang='lat' dir='ltr'>Essentia</span> <span class='ocrx_word' id='word_1_221' title='bbox 561 2580 612 2634; x_wconf 90' lang='lat' dir='ltr'>est</span> <span class='ocrx_word' id='word_1_222' title='bbox 623 2577 763 2652; x_wconf 91' lang='lat' dir='ltr'>primum</span> <span class='ocrx_word' id='word_1_223' title='bbox 777 2575 972 2653; x_wconf 90' lang='lat' dir='ltr'>principium</span> <span class='ocrx_word' id='word_1_224' title='bbox 987 2576 1134 2636; x_wconf 92' lang='lat' dir='ltr'>omnium</span> <span class='ocrx_word' id='word_1_225' title='bbox 1150 2573 1231 2636; x_wconf 88' lang='lat' dir='ltr'>entis</span> 
     </span>
     <span class='ocr_line' id='line_1_31' title="bbox 223 2653 1230 2733; baseline -0.002 -19"><span class='ocrx_word' id='word_1_226' title='bbox 223 2655 466 2716; x_wconf 86' lang='lat' dir='ltr'>attributorum.</span> <span class='ocrx_word' id='word_1_227' title='bbox 484 2654 549 2715; x_wconf 87' lang='lat' dir='ltr'>Sed</span> <span class='ocrx_word' id='word_1_228' title='bbox 564 2654 697 2730; x_wconf 87' lang='lat' dir='ltr'>quando</span> <span class='ocrx_word' id='word_1_229' title='bbox 714 2658 855 2717; x_wconf 89' lang='lat' dir='ltr'>essentia</span> <span class='ocrx_word' id='word_1_230' title='bbox 867 2655 1035 2733; x_wconf 89' lang='lat' dir='ltr'>speciatim</span> <span class='ocrx_word' id='word_1_231' title='bbox 1047 2653 1230 2718; x_wconf 86' lang='lat' dir='ltr'>considera-</span> 
     </span>
     <span class='ocr_line' id='line_1_32' title="bbox 224 2733 1230 2812; baseline 0.001 -19"><span class='ocrx_word' id='word_1_232' title='bbox 224 2735 721 2812; x_wconf 87' lang='lat' dir='ltr'>turutprincipiumactivitatis,</span> <span class='ocrx_word' id='word_1_233' title='bbox 734 2734 811 2796; x_wconf 89' lang='lat' dir='ltr'>dicit</span> <span class='ocrx_word' id='word_1_234' title='bbox 799 2739 992 2806; x_wconf 82' lang='lat' dir='ltr'>tornatura,</span> <span class='ocrx_word' id='word_1_235' title='bbox 1009 2751 1077 2812; x_wconf 82' lang='lat' dir='ltr'>quae</span> <span class='ocrx_word' id='word_1_236' title='bbox 1093 2733 1230 2811; x_wconf 91' lang='lat' dir='ltr'>proinde</span> 
     </span>
     <span class='ocr_line' id='line_1_33' title="bbox 225 2813 1229 2907; baseline 0.003 -36"><span class='ocrx_word' id='word_1_237' title='bbox 225 2817 277 2873; x_wconf 88' lang='lat' dir='ltr'>est</span> <span class='ocrx_word' id='word_1_238' title='bbox 289 2814 435 2890; x_wconf 87' lang='lat' dir='ltr'>aptitudo</span> <span class='ocrx_word' id='word_1_239' title='bbox 451 2817 536 2876; x_wconf 91' lang='lat' dir='ltr'>entis</span> <span class='ocrx_word' id='word_1_240' title='bbox 551 2813 594 2875; x_wconf 89' lang='lat' dir='ltr'>ad</span> <span class='ocrx_word' id='word_1_241' title='bbox 607 2813 823 2907; x_wconf 83' lang='lat' dir='ltr'>operandum.</span> <span class='ocrx_word' id='word_1_242' title='bbox 842 2815 941 2892; x_wconf 84' lang='lat' dir='ltr'>Igitur</span> <span class='ocrx_word' id='word_1_243' title='bbox 955 2814 1131 2876; x_wconf 90' lang='lat' dir='ltr'>discrimen</span> <span class='ocrx_word' id='word_1_244' title='bbox 1147 2815 1229 2877; x_wconf 92' lang='lat' dir='ltr'>inter</span> 
     </span>
     <span class='ocr_line' id='line_1_34' title="bbox 224 2893 1228 2971; baseline 0 -19"><span class='ocrx_word' id='word_1_245' title='bbox 224 2895 400 2955; x_wconf 88' lang='lat' dir='ltr'>essentiam</span> <span class='ocrx_word' id='word_1_246' title='bbox 415 2898 449 2955; x_wconf 90' lang='lat' dir='ltr'>et</span> <span class='ocrx_word' id='word_1_247' title='bbox 462 2895 647 2967; x_wconf 85' lang='lat' dir='ltr'>naturam,</span> <span class='ocrx_word' id='word_1_248' title='bbox 638 2912 672 2954; x_wconf 84' lang='lat' dir='ltr'>in</span> <span class='ocrx_word' id='word_1_249' title='bbox 688 2910 726 2955; x_wconf 89' lang='lat' dir='ltr'>eo</span> <span class='ocrx_word' id='word_1_250' title='bbox 743 2899 793 2956; x_wconf 85' lang='lat' dir='ltr'>est</span> <span class='ocrx_word' id='word_1_251' title='bbox 809 2893 898 2971; x_wconf 90' lang='lat' dir='ltr'>quod</span> <span class='ocrx_word' id='word_1_252' title='bbox 924 2895 1066 2956; x_wconf 86' lang='lat' dir='ltr'>essentia</span> <span class='ocrx_word' id='word_1_253' title='bbox 1082 2895 1228 2956; x_wconf 88' lang='lat' dir='ltr'>absolute</span> 
     </span>
     <span class='ocr_line' id='line_1_35' title="bbox 223 2943 1226 3054; baseline 0.002 -22"><span class='ocrx_word' id='word_1_254' title='bbox 223 2971 359 3034; x_wconf 88' lang='lat' dir='ltr'>denotat</span> <span class='ocrx_word' id='word_1_255' title='bbox 373 2973 408 3034; x_wconf 93' lang='lat' dir='ltr'>id</span> <span class='ocrx_word' id='word_1_256' title='bbox 422 2990 487 3053; x_wconf 88' lang='lat' dir='ltr'>quo</span> <span class='ocrx_word' id='word_1_257' title='bbox 505 2989 564 3034; x_wconf 90' lang='lat' dir='ltr'>ens</span> <span class='ocrx_word' id='word_1_258' title='bbox 580 2943 798 3041; x_wconf 81' lang='lat' dir='ltr'>constituitur,</span> <span class='ocrx_word' id='word_1_259' title='bbox 826 2972 905 3035; x_wconf 91' lang='lat' dir='ltr'>dum</span> <span class='ocrx_word' id='word_1_260' title='bbox 920 2980 1037 3034; x_wconf 89' lang='lat' dir='ltr'>natura</span> <span class='ocrx_word' id='word_1_261' title='bbox 1050 2979 1100 3036; x_wconf 91' lang='lat' dir='ltr'>est</span> <span class='ocrx_word' id='word_1_262' title='bbox 1115 2990 1226 3054; x_wconf 87' lang='lat' dir='ltr'>essen-</span> 
     </span>
     <span class='ocr_line' id='line_1_36' title="bbox 224 3045 1229 3132; baseline 0.002 -20"><span class='ocrx_word' id='word_1_263' title='bbox 224 3054 280 3126; x_wconf 82' lang='lat' dir='ltr'>tia,</span> <span class='ocrx_word' id='word_1_264' title='bbox 303 3068 370 3114; x_wconf 93' lang='lat' dir='ltr'>non</span> <span class='ocrx_word' id='word_1_265' title='bbox 394 3053 543 3115; x_wconf 91' lang='lat' dir='ltr'>absolute</span> <span class='ocrx_word' id='word_1_266' title='bbox 567 3053 1099 3130; x_wconf 70' lang='grc'><strong>11111111111111111111111111111</strong></span> <span class='ocrx_word' id='word_1_267' title='bbox 1115 3045 1229 3132; x_wconf 84' lang='lat' dir='ltr'>quate</span> 
     </span>
    </p>
   </div>
   <div class='ocr_carea' id='block_1_3' title="bbox 133 3130 686 3210">
    <p class='ocr_par' dir='ltr' id='par_1_3' title="bbox 133 3130 686 3210">
     <span class='ocr_line' id='line_1_37' title="bbox 133 3130 686 3210; baseline 0.002 -17"><span class='ocrx_word' id='word_1_268' title='bbox 133 3160 137 3169; x_wconf 93' lang='lat'>·</span> <span class='ocrx_word' id='word_1_269' title='bbox 221 3147 286 3194; x_wconf 88' lang='lat' dir='ltr'>nus</span> <span class='ocrx_word' id='word_1_270' title='bbox 300 3137 350 3192; x_wconf 90' lang='lat' dir='ltr'>est</span> <span class='ocrx_word' id='word_1_271' title='bbox 363 3130 437 3194; x_wconf 86' lang='lat' dir='ltr'>fons</span> <span class='ocrx_word' id='word_1_272' title='bbox 451 3135 618 3194; x_wconf 88' lang='lat' dir='ltr'>actionum</span> <span class='ocrx_word' id='word_1_273' title='bbox 632 3133 686 3210; x_wconf 82' lang='lat' dir='ltr'>(l).</span> 
     </span>
    </p>
   </div>
   <div class='ocr_carea' id='block_1_4' title="bbox 218 3211 1226 3530">
    <p class='ocr_par' dir='ltr' id='par_1_4' title="bbox 218 3211 1226 3530">
     <span class='ocr_line' id='line_1_38' title="bbox 262 3211 1226 3291; baseline 0 -19"><span class='ocrx_word' id='word_1_274' title='bbox 262 3213 388 3273; x_wconf 78' lang='lat'>277.-</span> <span class='ocrx_word' id='word_1_275' title='bbox 403 3215 523 3274; x_wconf 89' lang='lat' dir='ltr'>Rerum</span> <span class='ocrx_word' id='word_1_276' title='bbox 539 3213 683 3274; x_wconf 83' lang='lat' dir='ltr'>essentia</span> <span class='ocrx_word' id='word_1_277' title='bbox 699 3211 875 3274; x_wconf 90' lang='lat' dir='ltr'>dividitur</span> <span class='ocrx_word' id='word_1_278' title='bbox 866 3229 899 3273; x_wconf 91' lang='lat' dir='ltr'>m</span> <span class='ocrx_word' id='word_1_279' title='bbox 926 3212 1095 3291; x_wconf 82' lang='lat' dir='ltr'>physicam</span> <span class='ocrx_word' id='word_1_280' title='bbox 1113 3215 1146 3274; x_wconf 90' lang='grc'>11</span> <span class='ocrx_word' id='word_1_281' title='bbox 1159 3227 1226 3274; x_wconf 90' lang='lat' dir='ltr'>me·</span> 
     </span>
     <span class='ocr_line' id='line_1_39' title="bbox 224 3290 1226 3370; baseline -0.001 -18"><span class='ocrx_word' id='word_1_282' title='bbox 224 3292 438 3368; x_wconf 88' lang='lat' dir='ltr'>taphysicam.</span> <span class='ocrx_word' id='word_1_283' title='bbox 468 3292 591 3354; x_wconf 86' lang='lat' dir='ltr'>Dicitur</span> <span class='ocrx_word' id='word_1_284' title='bbox 614 3293 760 3369; x_wconf 75' lang='lat' dir='ltr'>physica,</span> <span class='ocrx_word' id='word_1_285' title='bbox 798 3290 930 3370; x_wconf 88' lang='lat' dir='ltr'>quando</span> <span class='ocrx_word' id='word_1_286' title='bbox 967 3295 1079 3354; x_wconf 90' lang='lat' dir='ltr'>essent</span> <span class='ocrx_word' id='word_1_287' title='bbox 1068 3292 1155 3353; x_wconf 87' lang='lat' dir='ltr'>tialia</span> <span class='ocrx_word' id='word_1_288' title='bbox 1181 3293 1226 3352; x_wconf 92' lang='lat' dir='ltr'>rei</span> 
     </span>
     <span class='ocr_line' id='line_1_40' title="bbox 220 3371 1224 3448; baseline -0.003 -14"><span class='ocrx_word' id='word_1_289' title='bbox 220 3371 428 3434; x_wconf 85' lang='lat' dir='ltr'>constitutiva</span> <span class='ocrx_word' id='word_1_290' title='bbox 442 3371 484 3433; x_wconf 84' lang='lat' dir='ltr'>ad</span> <span class='ocrx_word' id='word_1_291' title='bbox 500 3389 570 3448; x_wconf 87' lang='lat' dir='ltr'>quae</span> <span class='ocrx_word' id='word_1_292' title='bbox 585 3372 795 3442; x_wconf 86' lang='lat' dir='ltr'>attendimus,</span> <span class='ocrx_word' id='word_1_293' title='bbox 812 3377 890 3433; x_wconf 93' lang='lat' dir='ltr'>sunt</span> <span class='ocrx_word' id='word_1_294' title='bbox 903 3376 1014 3447; x_wconf 91' lang='lat' dir='ltr'>partes</span> <span class='ocrx_word' id='word_1_295' title='bbox 1029 3373 1147 3434; x_wconf 90' lang='lat' dir='ltr'>reales.</span> <span class='ocrx_word' id='word_1_296' title='bbox 1162 3373 1224 3446; x_wconf 82' lang='lat' dir='ltr'>hp-</span> 
     </span>
     <span class='ocr_line' id='line_1_41' title="bbox 218 3451 1225 3530; baseline 0 -18"><span class='ocrx_word' id='word_1_297' title='bbox 218 3451 360 3528; x_wconf 81' lang='lat' dir='ltr'>patiatur</span> <span class='ocrx_word' id='word_1_298' title='bbox 373 3453 592 3528; x_wconf 75' lang='lat' dir='ltr'>metaphysica</span> <span class='ocrx_word' id='word_1_299' title='bbox 615 3456 649 3512; x_wconf 91' lang='lat' dir='ltr'>et</span> <span class='ocrx_word' id='word_1_300' title='bbox 675 3454 774 3514; x_wconf 89' lang='lat' dir='ltr'>etiam</span> <span class='ocrx_word' id='word_1_301' title='bbox 796 3451 981 3526; x_wconf 81' lang='lat' dir='ltr'>aottoaaas,</span> <span class='ocrx_word' id='word_1_302' title='bbox 1003 3452 1135 3530; x_wconf 89' lang='lat' dir='ltr'>quando</span> <span class='ocrx_word' id='word_1_303' title='bbox 1153 3466 1225 3513; x_wconf 87' lang='lat' dir='ltr'>coa·</span> 
     </span>
    </p>
   </div>
   <div class='ocr_carea' id='block_1_5' title="bbox 250 3625 820 3709">
    <p class='ocr_par' dir='ltr' id='par_1_5' title="bbox 250 3625 820 3709">
     <span class='ocr_line' id='line_1_42' title="bbox 250 3625 820 3709; baseline 0.004 -34"><span class='ocrx_word' id='word_1_304' title='bbox 250 3625 285 3693; x_wconf 79' lang='lat'>(1)</span> <span class='ocrx_word' id='word_1_305' title='bbox 301 3627 332 3680; x_wconf 87' lang='lat' dir='ltr'>S.</span> <span class='ocrx_word' id='word_1_306' title='bbox 348 3626 439 3709; x_wconf 68' lang='lat' dir='ltr'>h&#39;hom.</span> <span class='ocrx_word' id='word_1_307' title='bbox 454 3627 487 3676; x_wconf 80' lang='lat' dir='ltr'>de</span> <span class='ocrx_word' id='word_1_308' title='bbox 499 3630 560 3676; x_wconf 80' lang='lat' dir='ltr'>ente</span> <span class='ocrx_word' id='word_1_309' title='bbox 573 3633 598 3675; x_wconf 85' lang='lat' dir='ltr'>et</span> <span class='ocrx_word' id='word_1_310' title='bbox 612 3635 708 3678; x_wconf 79' lang='lat' dir='ltr'>essent.</span> <span class='ocrx_word' id='word_1_311' title='bbox 723 3641 780 3694; x_wconf 84' lang='lat' dir='ltr'>cap.</span> <span class='ocrx_word' id='word_1_312' title='bbox 796 3627 820 3681; x_wconf 93' lang='lat'>1.</span> 
     </span>
    </p>
   </div>
   <div class='ocr_carea' id='block_1_6' title="bbox 0 0 1330 4242">
    <p class='ocr_par' dir='ltr' id='par_1_6' title="bbox 0 0 1330 4242">
     <span class='ocr_line' id='line_1_43' title="bbox 0 0 1330 4242; baseline 0 2"><span class='ocrx_word' id='word_1_313' title='bbox 0 0 1330 4242; x_wconf 95' lang='lat' dir='ltr'> </span> 
     </span>
    </p>
   </div>
  </div>
 </body>
</html>
