2650 4242
385 357 390 360 ,
478 287 603 344 ‘novica
625 299 698 342 vitus
720 302 739 342 1.
1082 283 1119 342 71

143 411 216 474 196.
244 445 284 456 -
313 413 492 473 Sobotivm.
522 411 714 472 Aristoteles
745 410 913 488 duplicem
948 416 1122 489 proposuit

89 491 299 552 methodum
314 490 539 553 definitionem
564 492 776 551 essentialem
789 491 981 554 inveniendi
997 511 1004 551 ε
1024 495 1054 553 l⁰
1068 495 1128 554 at·-

89 570 250 643 visivam,
262 587 327 648 qua
342 571 377 632 id
389 570 479 648 quod
494 575 582 632 certo
600 575 648 631 est
666 574 871 633 communius
880 588 917 632 re
932 569 1122 634 definienda

91 653 291 724 assumitur,
309 657 409 728 atque
427 654 461 713 in
475 667 551 711 suas
565 655 677 726 partes
690 650 891 728 subjectivae
917 650 1073 712 dividitur
1087 657 1121 713 et

92 729 335 802 subdividitur,
352 732 380 792 si
394 745 477 808 opus
489 735 550 802 est,
564 729 671 790 donec
682 730 867 791 inveniatur
876 735 955 791 nota
966 735 1023 791 aut
1034 747 1120 793 com-

92 809 222 884 plexus
236 814 389 872 notarum
404 811 460 888 qui
476 825 549 870 cum
564 825 600 868 re
617 807 806 870 definienda
820 811 1061 885 reciprocetur;
1088 813 1121 872 2⁰

92 889 315 961 collectivam,
341 907 412 968 quae
441 887 608 951 exorditur
623 907 641 951 a
657 889 921 950 consideratione
936 889 1119 952 individuo·

94 983 179 1028 rum
194 970 312 1046 quibus
326 985 449 1030 nomen
463 969 513 1029 rei
523 967 717 1029 definienda
732 969 897 1040 tribuitur,
912 974 945 1029 et
959 971 1120 1047 neglectis

94 1048 192 1108 notis
206 1047 497 1122 individuantibus,
515 1049 639 1108 eruitur
652 1049 735 1108 ratio
752 1047 934 1109 communis
950 1050 1115 1124 omnibus3

95 1132 232 1202 postea,
250 1128 405 1188 detractis
426 1128 618 1190 differentiis
646 1127 818 1204 specificis,
848 1128 931 1189 ratio
961 1130 1118 1206 generice

93 1206 272 1269 obtinetur
297 1208 459 1270 distincta.
475 1207 580 1268 Prima
595 1223 675 1286 ergo
695 1208 846 1285 procedit
865 1210 917 1270 via
939 1209 1117 1282 descensus,

93 1286 205 1348 altera
220 1292 332 1348 autern
345 1289 396 1349 via
412 1303 571 1349 asceasvs.
1119 1312 1124 1320 ¹

453 1424 471 1486 ἓ
490 1422 533 1476 lll.
548 1422 589 1475 De
603 1419 760 1475 divisione.

472 1553 492 1601 Ι.
506 1547 571 1612 Quid
587 1553 625 1599 est
639 1549 745 1600 divisivi

143 1669 211 1729 107.
240 1703 279 1714 -
304 1667 441 1744 Quando
475 1667 551 1729 idea
580 1667 730 1745 quadarn
759 1671 944 1745 generatim
973 1670 1118 1744 inspecta

94 1752 254 1809 remanet
268 1751 412 1824 cotifvsa,
430 1749 463 1809 in
483 1748 642 1809 divisione
665 1750 829 1811 invenitur
851 1747 1028 1808 methodus
1044 1762 1118 1808 eam

96 1827 340 1889 distinctiorem
362 1826 536 1890 reddendi.
554 1826 674 1888 Divisio
698 1828 786 1887 enim
801 1831 853 1888 est
870 1830 967 1888 totius
987 1831 1021 1889 ia
1040 1843 1117 1888 suas

94 1912 212 1981 partes
236 1909 434 1978 distributim·
449 1913 559 1984 partes
584 1912 706 1978 autem,
723 1923 798 1967 curn
812 1907 845 1966 in
865 1911 932 1968 toto
948 1923 1014 1967 non
1029 1907 1116 1967 claro

97 1991 134 2046 et
149 1985 302 2048 distincte
319 1989 555 2064 percipiuntur,
572 1985 731 2046 divisione
759 1987 865 2047 semel
879 1991 1025 2063 peracta,
1047 1987 1114 2046 sin·

97 2065 240 2143 gillatim
264 2066 464 2130 considerari
493 2069 642 2143 possunt,
673 2069 706 2125 et
732 2067 780 2126 sic
804 2066 872 2126 aliae
897 2066 937 2126 ab
955 2067 1025 2127 aliis
1050 2063 1115 2126 dis-

96 2147 203 2209 cerni.
216 2147 339 2208 Exinde
355 2150 447 2224 patet
472 2145 638 2209 divisionis
660 2145 836 2206 utilitatem
849 2160 1007 2222 magnam
1028 2160 1115 2220 esse,

97 2225 178 2302 quia
195 2225 405 2287 redditideas
416 2227 596 2294 distinctae,
615 2224 698 2286 tollit
713 2227 990 2302 aequivocationes
1007 2228 1116 2286 termi-

95 2319 219 2364 norum
247 2310 280 2365 et
302 2306 532 2384 ambiguitates
561 2304 730 2379 orationis
755 2305 900 2381 hincque
921 2307 1116 2365 memoriam

97 2385 201 2446 'uvat

89 2402 104 2462 J
142 2464 210 2525 108.
228 2497 266 2506 —
281 2464 400 2527 Divisio
410 2468 523 2540 potest
534 2465 658 2524 versari
674 2462 759 2522 eirca
772 2478 864 2522 voees
878 2462 929 2522 vel
944 2462 1029 2522 circa
1044 2478 1116 2522 res:

97 2543 221 2605 Divisio
235 2545 336 2615 vocis
353 2561 423 2624 qua
438 2546 570 2619 proprie
583 2541 701 2603 dicitur
712 2543 882 2612 distinctio,
900 2548 950 2602 est
965 2541 1115 2603 distrihu-

99 2623 144 2683 tio
160 2623 251 2683 vocis
262 2624 432 2698 equivocae
445 2627 477 2682 et
487 2623 641 2683 orationis
654 2620 920 2698 amphibologice
931 2621 1117 2681 secundum

98 2719 180 2763 suas
196 2700 340 2763 diversas
354 2701 618 2782 significationes.
647 2701 765 2762 Divisio
794 2700 853 2771 rei,
885 2717 955 2776 quae
982 2700 1114 2777 proprio

97 2782 235 2842 nomine
272 2782 384 2843 divisio
427 2783 622 2866 appellatur,
654 2796 694 2840 ea
736 2784 786 2840 est
814 2795 914 2856 quam
942 2778 1113 2840 anteade-

99 2877 165 2922 son
192 2877 303 2920 simus

142 2877 276 3010 DPVisio,
288 2957 357 3016 que
367 2944 471 3000 totum
483 2938 646 3001 distribuit
654 2937 688 2996 in
699 2953 776 2997 suas
796 2941 919 3013 partes,
932 2928 1004 2996 fieri
1015 2936 1116 2996 debet

99 3019 232 3081 diversa
244 3019 338 3096 juxta
352 3020 569 3080 diversitatem
596 3019 704 3078 totius.
720 3016 818 3076 Porro
835 3020 951 3088 totum,
967 3020 1004 3076 ut
1017 3021 1115 3077 antea

100 3098 245 3160 diximus
258 3097 318 3174 (97,
335 3097 386 3175 98)
403 3103 453 3160 est
466 3099 517 3159 vel
532 3097 659 3168 aetvate
673 3096 725 3156 vel
739 3095 892 3171 topicam.

143 3179 172 3238 l··
199 3179 318 3238 lotum
345 3178 474 3242 actuale
500 3175 649 3237 distribui
664 3180 772 3251 potest
785 3178 819 3236 in
835 3178 947 3252 partes
962 3172 1115 3249 physicas

96 3258 153 3318 vel
168 3257 409 3336 metaphysicas
425 3257 487 3336 (98,
505 3259 545 3330 1⁰,
562 3253 620 3334 2⁰),
651 3259 684 3314 et
712 3253 832 3314 exinde
861 3254 974 3315 divisio
998 3251 1116 3314 dicitur

93 3338 234 3412 physica
248 3336 301 3397 vel
315 3337 540 3413 metaphysica.
557 3335 668 3395 Partes
690 3334 830 3412 physice
859 3338 935 3394 sunt
949 3333 1002 3394 vel
1015 3349 1115 3392 essea-

10 3447 11 3450 ¹
97 3417 195 3477 tiates
205 3416 257 3476 vel
270 3418 456 3491 integrales,
468 3432 507 3476 ac
518 3413 656 3492 proinde
673 3411 785 3474 divisio
796 3408 986 3491 fieripotest
998 3428 1116 3472 secun·

99 3494 181 3556 dum
196 3500 307 3574 partes
323 3496 516 3557 essentiales
526 3494 580 3554 vel
591 3493 776 3554 secundum
785 3493 965 3570 integrales
979 3491 1041 3568 (98,
1058 3490 1112 3567 2⁰).

10 3645 11 3648 Ἴ
98 3575 220 3638 Divisio
237 3575 461 3654 metaphysica
475 3573 510 3636 lit
520 3574 616 3653 juata
631 3577 742 3650 partes
758 3573 953 3634 essentiales
968 3574 1115 3631 etmeta-

100 3655 256 3734 physicas
269 3653 331 3734 (98,
348 3653 403 3734 2⁰).
