2650 4242
209 235 271 297 aio
516 252 695 295 eacvrnmon
717 251 920 295 rurtosormn:

209 364 361 426 omnibus
382 381 516 440 prorsus
538 365 679 436 entibus
706 382 916 443 quocumque
941 364 1041 425 modo
1065 364 1227 435 limitatio,

210 451 375 520 competat
391 463 398 503 ε
417 450 449 504 et
464 450 540 504 tuno
557 445 675 505 dicitur
692 445 820 521 finitum
835 448 869 505 iu
888 446 1062 517 corumuui,
1076 461 1132 505 seu
1148 445 1231 504 abs-

208 530 312 584 tracte
328 541 366 584 oc
380 525 570 599 stotpltciter
583 530 758 601 sumpturo.

250 606 388 665 Finitum
411 606 445 663 in
464 604 573 681 aliquo
600 620 739 681 genere,
762 620 824 665 seu
848 603 986 677 finitum,
1002 604 1150 678 aliquod,
1177 610 1232 667 est

209 683 272 745 boc
284 699 343 744 ens
358 685 448 744 reale
464 685 554 763 quod
569 684 651 745 tales
665 685 786 745 limites
802 684 1037 745 determinatos
1052 684 1164 745 babet.

252 761 390 825 Finitum
405 766 595 840 simpliciter
610 772 775 839 sumptum
789 769 838 825 est
858 766 929 842 ipse
947 767 1128 838 conceptus
1148 763 1230 823 abs-

212 848 333 903 tractus
350 848 494 904 omnium
510 846 633 905 entium
648 844 797 915 realium,
814 849 870 904 aut
883 845 1099 921 possibilium,
1117 851 1229 904 certos

209 920 540 985 iimitesbabentium.
556 925 620 984 Ens
638 922 775 992 finitum,
800 923 847 983 sic
868 925 1018 986 absolute
1040 928 1225 1001 sumptum,

209 1018 277 1063 non
297 1008 348 1064 est
367 1018 470 1065 unum
493 1004 694 1080 simpliciter,
712 1002 772 1064 sed
795 1007 922 1064 tanturn
943 1004 1130 1064 secundum
1153 1003 1227 1063 abs-

211 1082 415 1155 tractionem,
431 1100 492 1145 seu
514 1100 721 1145 communem
733 1085 894 1144 rationem
913 1086 1048 1160 :piures
1058 1091 1172 1144 autern
1186 1098 1227 1143 ac

207 1164 313 1223 varias
329 1166 473 1225 rationes
489 1166 614 1223 entium
634 1163 801 1224 finitorum
816 1165 877 1225 sub
897 1181 932 1224 se
954 1160 1225 1240 comprehendit.

249 1243 320 1304 443.
345 1276 383 1287 -
398 1243 560 1304 infinitum
572 1243 661 1304 aliud
677 1248 726 1304 est
741 1248 826 1314 actu,
845 1244 933 1306 aliud
951 1241 1099 1320 potentia
1114 1240 1224 1304 infini-

207 1327 291 1392 turn,¹
304 1328 402 1399 prout
416 1340 550 1385 omnem
564 1322 802 1400 perfectionem
823 1328 899 1384 actu
917 1324 1028 1393 habet,
1050 1324 1105 1384 vel
1120 1326 1156 1383 in
1171 1337 1227 1381 ra-

207 1402 295 1462 tione
318 1402 529 1479 perfectionis
540 1402 611 1464 sine
625 1403 692 1464 fine
703 1405 819 1482 augeri
833 1408 951 1481 potest.
971 1405 1114 1463 Primum
1131 1419 1149 1462 a
1166 1418 1223 1463 ve·

207 1484 333 1561 teribus
348 1483 575 1561 appellabatur
590 1482 750 1544 infinitum
764 1487 1077 1559 coteporcmoticum
1094 1487 1129 1542 et
1144 1482 1224 1543 alte-

207 1577 291 1632 rum,
308 1567 679 1640 syncotcporeototicuot,
697 1563 785 1641 quod
799 1566 929 1640 proprio
942 1566 1076 1623 nomine
1091 1567 1226 1623 vocatur

206 1643 415 1720 indefinitum.
443 1642 650 1704 indefinitum
675 1644 806 1719 proprie
828 1648 961 1705 nonest
984 1645 1055 1703 sine
1070 1642 1150 1715 fine,
1166 1642 1225 1703 sed

206 1723 275 1781 s'c'ue
293 1722 356 1796 fiae
369 1723 505 1795 finitum,
531 1729 694 1800 quatenus
715 1736 849 1799 semper
869 1739 973 1799 capax
994 1728 1044 1783 est
1057 1723 1224 1784 ulterioris

206 1802 407 1873 incrementi,
424 1818 461 1863 ac
475 1802 614 1879 proinde
634 1820 768 1879 semper
789 1804 958 1863 limitatum
980 1807 1139 1879 respectu
1159 1802 1224 1863 hu-

204 1881 261 1959 jus
282 1881 464 1944 adventitia
479 1880 702 1960 perfectionis
1312 1942 1313 1951 ,

247 1959 408 2021 infinitum
427 1964 800 2041 syncategorematioum
820 1959 891 2022 fieri
910 1967 1018 2037 potest
1039 1962 1221 2039 tripliciter,
1312 1966 1313 1971 ’

205 2041 330 2101 scilicet
357 2041 410 2102 vei
435 2044 611 2114 additione,
633 2047 690 2102 aut
714 2041 931 2112 detractione,
952 2048 988 2102 ut
1009 2042 1043 2102 in
1062 2058 1220 2115 numero;

204 2121 258 2182 vel
271 2123 474 2195 successione,
491 2123 575 2184 utin
593 2127 740 2200 ternpore
757 2126 790 2182 et
804 2126 911 2194 motu;
936 2122 988 2184 vei
1003 2124 1168 2192 diuisione,
1185 2124 1222 2181 ut

203 2201 238 2262 in
253 2202 417 2262 continuo.

203 2357 273 2418 444.
291 2394 330 2403 -
350 2362 468 2421 Tarsis.
485 2361 507 2420 l.
525 2362 686 2438 infinitum
701 2364 775 2420 octo
799 2362 907 2435 nequit
931 2362 1120 2421 measurari
1138 2374 1220 2435 quo-

245 2456 381 2514 cumque
395 2442 502 2500 inodo.

243 2593 418 2655 Probatur.
443 2595 639 2655 biensuratio
667 2591 703 2653 fit
727 2594 921 2656 successivis
947 2595 1218 2672 applicationibus

203 2671 347 2734 unitatis
360 2675 457 2752 Atqui
472 2674 539 2734 haec
555 2675 739 2735 successiva
754 2676 927 2751 applicatio
939 2676 1041 2735 habet
1054 2676 1217 2736 rationem
1310 2738 1311 2747 ,

203 2754 331 2813 numeri
346 2752 436 2813 finiti.
452 2756 537 2832 Ergo
554 2754 715 2814 infinitum
734 2755 849 2831 nequit
870 2758 1052 2815 mensurari
1074 2757 1152 2832 quin
1176 2759 1216 2816 sit
1310 2752 1311 2799 t

204 2831 435 2893 simuifinitum
458 2842 490 2894 et
509 2832 679 2895 infinitum.
699 2832 832 2896 Constat
852 2838 938 2895 enirn
965 2835 1215 2912 applicationem

202 2912 287 2973 hano
302 2913 426 2974 habere
440 2914 600 2974 rationem
614 2912 706 2983 finiti,
724 2915 799 2990 quia
820 2912 856 2973 fit
876 2931 936 2993 per
944 2915 1063 2995 jugem
1080 2915 1215 2977 additio·

202 3008 292 3064 nem,
310 2994 403 3071 cujus
413 3010 530 3053 norma
545 3000 595 3055 est
608 3009 764 3054 mensura
770 2996 872 3070 finito.

210 3143 212 3146 ¹
242 3072 312 3133 445,
336 3108 375 3119 -
397 3074 628 3135 corollarium.
652 3072 775 3135 Exinde
801 3079 891 3151 patet
914 3074 1084 3136 notionem
1101 3071 1216 3135 infiniti

202 3167 270 3213 non
290 3153 403 3213 baberi
424 3170 485 3229 per
501 3156 685 3214 continuam
708 3152 907 3213 additionem
922 3152 1017 3226 finiti;
1035 3169 1133 3214 secus
1148 3152 1213 3213 infi-
1309 3166 1310 3195 t

202 3233 307 3292 nitum
325 3239 538 3309 preterquam
565 3233 654 3312 quod
679 3236 766 3293 esset
788 3232 910 3311 aliquid
931 3234 1159 3310 compositum,
1180 3233 1215 3293 ii·

202 3311 335 3372 mitibus
350 3329 417 3372 non
428 3318 574 3384 vacaret3
591 3330 669 3375 narn
683 3313 752 3373 talis
764 3313 886 3373 additio
899 3312 1095 3389 perfectioni
1104 3315 1212 3373 termi-

203 3397 287 3452 uota
300 3393 431 3453 nonnisi
445 3394 651 3454 terminatam
663 3393 861 3472 adjungeret
872 3391 1119 3469 perfectionem.
1130 3395 1212 3472 Ergo

202 3469 283 3532 falsa
298 3476 348 3532 esi
362 3471 505 3547 opinatio
527 3474 634 3534 Lockii
652 3475 797 3550 putantis
821 3480 1009 3550 conceptum
1028 3470 1143 3533 infiniti
1164 3471 1211 3533 ei·
1308 3526 1309 3531 ,

202 3549 334 3611 formari
347 3568 404 3628 per
418 3554 693 3613 interminabilem
714 3554 834 3615 seriem
850 3560 881 3614 et
897 3555 1117 3615 accretionem
1140 3550 1210 3613 fini·

204 3634 312 3710 tarum
325 3629 575 3707 perfectionum.
