2650 4242
330 208 528 253 uarionrsrm
551 212 633 263 can„
657 211 711 257 sao
736 211 917 255 osrouoom.
1073 192 1131 253 243

139 319 287 410 'Materia
303 322 439 402 physica
452 325 558 401 prima
587 324 705 386 dicitur
725 326 903 401 subjectam
919 326 1077 400 primurn,
1093 329 1131 385 ut

113 396 338 478 distinguatur
352 421 371 464 3
386 405 534 480 quolibet
548 407 741 482 composito,
757 422 796 466 ac
810 403 949 483 proinde
975 409 1025 464 εει
1043 404 1130 465 sabs-

112 481 221 539 tantia
232 481 363 556 physice
376 485 582 559 incompleta,
604 503 624 545 a
640 487 764 561 ,forma
789 484 998 547 substantiali
1024 486 1128 547 deter-

110 560 282 622 rninabitis
294 564 338 622 ad
349 564 538 638 faciendam
552 581 672 641 corpas
685 566 849 626 naturale.

112 679 186 739 422.
202 712 242 725 -
255 684 372 744 Tussis
389 686 529 746 Materia
543 688 702 746 rationem
716 686 809 746 babet
823 702 905 745 nera
923 700 1037 745 causae.
1113 676 1114 681 ’

118 872 124 884 ⁸
154 796 329 855 Probatur.
346 796 451 859 Causa
465 797 583 859 dicitur
606 798 768 877 quidquid
783 798 891 877 aliquo
911 797 1009 859 modo
1025 796 1131 859 influit

115 888 149 933 rn
172 875 425 948 productionem
449 879 587 959 aliquus
602 881 749 943 effecius
774 880 871 956 Atqui
906 878 1043 939 materia
1080 884 1131 953 est

115 954 250 1014 omnino
265 956 420 1033 requisita
436 959 469 1019 in
481 960 535 1020 illo
552 961 732 1037 composito
749 961 838 1036 quod
849 958 967 1019 dicitur
979 956 1129 1034 effectus,

115 1030 262 1111 ideoque
285 1034 390 1098 influit
403 1040 437 1099 in
459 1055 533 1101 esse
548 1042 649 1117 ipsius
667 1057 673 1097 :
690 1057 720 1101 v.
741 1055 774 1117 g.
801 1055 942 1099 marmor
965 1037 1070 1099 influit
1096 1038 1130 1100 in

115 1128 193 1173 esse
209 1119 322 1178 statuae
337 1117 479 1180 Caesaris.
494 1120 579 1198 Ergo
593 1120 731 1181 materia
745 1120 905 1181 rationem
920 1118 1019 1179 hahet
1046 1134 1131 1180 verae

116 1208 235 1255 causae.
1092 1224 1112 1256 .·

155 1273 299 1336 Effectus
313 1278 477 1338 resultans
493 1296 534 1338 ‹rx
543 1279 682 1339 materia
694 1276 838 1338 etiorma
852 1281 901 1336 est
911 1278 1131 1355 compositum
1240 1320 1245 1329 .

114 1360 274 1417 constans
303 1372 344 1417 ex
371 1363 514 1435 utroque
536 1359 695 1435 principio
718 1373 821 1418 unum
855 1357 978 1433 aliquid
1011 1358 1130 1419 consti·

115 1436 245 1509 tuente,
261 1452 300 1495 ac
314 1439 455 1515 proinde
470 1442 505 1500 in
518 1439 576 1497 illo
591 1440 764 1514 composito
783 1436 818 1497 fit
840 1441 955 1498 mutua
980 1452 1130 1498 commu-

113 1514 236 1577 nicatio
251 1518 387 1593 propriae
404 1518 547 1579 entitatis
561 1523 630 1578 tum
643 1517 798 1591 materiae,
815 1521 883 1577 turn
894 1515 1015 1578 formae.

155 1597 226 1657 423.
244 1628 282 1638 —-
296 1597 475 1660 Sabatinca.
492 1598 630 1673 Quando
654 1598 791 1657 materia
817 1596 1043 1657 consideratur
1061 1613 1130 1659 res-

114 1673 343 1751 pectuformae
358 1694 429 1755 quae
445 1677 485 1736 ab
500 1680 572 1753 ipsa
597 1696 660 1739 non
683 1680 840 1749 educitur,
865 1692 933 1737 non
958 1682 1008 1737 est
1034 1693 1132 1739 causa

115 1754 308 1827 materialis,
324 1756 384 1817 sed
402 1758 627 1830 tantummodo
645 1757 789 1819 conditio
804 1761 841 1818 ui
864 1757 917 1816 1113
931 1755 987 1817 1131
1008 1775 1015 1815 :
1037 1774 1066 1817 v.
1081 1773 1132 1836 gr.
1169 1780 1172 1789 ·

117 1852 238 1913 corpus
252 1836 435 1899 humanum
448 1842 604 1915 respectu
630 1838 743 1899 anima
765 1842 815 1897 εει
840 1835 976 1913 quidem
998 1837 1131 1917 subjec-

117 1920 199 1988 tum,
213 1932 282 1977 non
296 1932 374 1976 vero
392 1933 490 1977 causa
505 1918 695 1978 materialis

157 1996 228 2057 424.
245 2030 284 2039 -
297 1997 434 2059 Materiae
451 2001 484 2058 et
496 1995 607 2059 formae
623 1994 797 2057 causalitas
818 2000 869 2055 ost
891 1994 1032 2069 influxus
1067 2012 1133 2074 quo

117 2076 216 2136 simul
230 2078 327 2137 unitae
342 2083 542 2137 concurrunt
556 2076 598 2137 ad
615 2074 882 2137 constituendum
903 2077 1133 2153 compositum,

115 2154 171 2215 illa
186 2173 247 2233 per
261 2154 398 2217 modum
411 2157 552 2235 subjecti
574 2158 708 2228 actuali,
733 2156 799 2216 haec
823 2172 884 2233 per
901 2155 1039 2216 modum
1065 2155 1133 2217 for·

116 2250 177 2296 mae
191 2238 362 2297 aetnantis.
380 2236 435 2296 Hic
449 2236 592 2298 influxus
608 2241 659 2297 est
683 2236 780 2297 realis
806 2240 840 2297 et
862 2234 1030 2315 physicus,
1056 2252 1134 2298 nam

115 2316 185 2375 istae
200 2332 306 2377 causae
319 2320 397 2376 sunt
411 2332 489 2378 vero
503 2317 657 2396 physicae.

529 2438 564 2485 11.
581 2436 619 2485 De
634 2435 725 2483 forma.

157 2552 227 2611 425.
246 2552 413 2612 —Forma
429 2555 481 2612 εει
494 2551 527 2612 id
543 2548 633 2627 quod
647 2549 819 2610 materiam
842 2546 969 2625 perficit
993 2564 1051 2609 seu
1077 2548 1134 2609 de-

118 2634 273 2692 terminat
285 2629 328 2691 ad
343 2631 521 2708 quamdam
555 2629 805 2707 perfectionem.
843 2629 922 2689 inde
957 2628 990 2687 in
1023 2628 1133 2706 aliquo

118 2711 298 2788 composito
316 2716 367 2771 εει
380 2727 433 2771 res
442 2710 624 2786 perficiens,
649 2715 850 2787 quapropter
864 2709 949 2770 solet
973 2706 1101 2771 definiri
1124 2728 1132 2768 :

115 2793 152 2853 id
159 2808 223 2866 per
236 2793 324 2864 qnod
336 2791 465 2866 aliquid
476 2791 524 2865 fit,
540 2806 662 2866 nempe
678 2788 712 2850 id
728 2806 792 2869 quo
817 2790 956 2849 materia
981 2787 1134 2849 determi-

116 2871 261 2931 naturin
277 2870 387 2947 aliquo
402 2886 528 2949 genere
549 2870 737 2938 entitatum;
767 2868 856 2930 unde
892 2868 1012 2928 dicitur
1033 2870 1134 2930 etiam

116 2951 202 3011 ratio
218 2952 357 3011 essentia
371 2966 432 3011 seu
447 2950 630 3027 compositi.
651 2951 680 3009 A
703 2948 906 3009 scholasticis
930 2948 1132 3027 quandoque

117 3035 209 3091 actas
222 3031 417 3109 appellatur,
434 3031 509 3107 quia
524 3029 703 3106 composito
719 3030 775 3090 dat
789 3032 825 3087 31
840 3033 915 3089 actu
929 3029 971 3087 sit
982 3028 1047 3089 tale
1060 3045 1132 3091 ens

156 3110 228 3172 426.
246 3145 284 3154 -
299 3111 370 3170 1133
384 3108 489 3171 forma
504 3109 658 3171 dividitur
671 3110 705 3168 in
721 3108 939 3183 artificialem,
956 3110 1061 3186 qualis
1083 3113 1148 3169 εει·

115 3186 222 3251 forma
249 3196 416 3251 statumen
439 3206 615 3263 marmore,
632 3190 713 3249 etin
726 3191 925 3260 naturalem,
950 3193 988 3249 31
1010 3190 1130 3250 anima.
1161 3210 1167 3221 ·

117 3270 321 3331 Haeciierum
336 3269 460 3347 duplex
475 3275 548 3331 est:
574 3270 638 3330 3113
662 3272 713 3329 εει
735 3268 952 3339 accidentalis,
978 3286 1047 3347 quae
1070 3267 1132 3329 ad-

116 3352 207 3410 venit
220 3352 400 3426 composito
417 3365 478 3410 seu
495 3348 644 3428 subJ'ecto
672 3348 857 3422 constituto,
880 3351 918 3408 ut
939 3348 1042 3422 color3
1055 3410 1057 3415 ,
1069 3348 1132 3410 3113

118 3433 170 3491 εει
183 3430 415 3501 substantialis,
432 3447 503 3507 quac
517 3429 650 3491 advenit
663 3430 805 3489 materia
821 3435 858 3489 ut
882 3443 957 3487 cum
983 3444 1022 3488 ea
1037 3444 1129 3489 oom-

117 3513 260 3587 positum
273 3510 483 3570 substantiale
497 3508 694 3571 constituat:
711 3512 801 3586 puta,
815 3508 943 3569 animus
954 3507 1130 3569 humanus.

157 3592 273 3653 Forma
292 3589 513 3653 substantialis
535 3587 720 3670 generatim
744 3585 920 3651 definitur:
941 3588 1130 3649 Substantia
