<?xml version="1.0" encoding="UTF-8"?>
<!DOCTYPE html PUBLIC "-//W3C//DTD XHTML 1.0 Transitional//EN"
    "http://www.w3.org/TR/xhtml1/DTD/xhtml1-transitional.dtd">
<html xmlns="http://www.w3.org/1999/xhtml" xml:lang="en" lang="en">
 <head>
  <title>
</title>
<meta http-equiv="Content-Type" content="text/html;charset=utf-8" />
  <meta name='ocr-system' content='tesseract 3.04.00' />
  <meta name='ocr-capabilities' content='ocr_page ocr_carea ocr_par ocr_line ocrx_word'/>
</head>
<body>
  <div class='ocr_page' id='page_1' title='image "./brevariumphilos01grangoog_0033.png"; bbox 0 0 2650 4242; ppageno 0'>
   <div class='ocr_carea' id='block_1_1' title="bbox 485 306 1119 366">
    <p class='ocr_par' dir='ltr' id='par_1_1' title="bbox 485 306 1119 366">
     <span class='ocr_line' id='line_1_1' title="bbox 485 306 1119 366; baseline 0.003 -2"><span class='ocrx_word' id='word_1_1' title='bbox 485 320 601 364; x_wconf 79' lang='lat' dir='ltr'><strong>uooros</strong></span> <span class='ocrx_word' id='word_1_2' title='bbox 621 321 694 366; x_wconf 78' lang='lat' dir='ltr'><strong>rans</strong></span> <span class='ocrx_word' id='word_1_3' title='bbox 715 324 735 366; x_wconf 91' lang='lat'><strong>1.</strong></span> <span class='ocrx_word' id='word_1_4' title='bbox 1082 306 1119 366; x_wconf 81' lang='lat'><strong>15</strong></span> 
     </span>
    </p>
   </div>
   <div class='ocr_carea' id='block_1_2' title="bbox 98 431 1117 594">
    <p class='ocr_par' dir='ltr' id='par_1_2' title="bbox 98 431 1117 594">
     <span class='ocr_line' id='line_1_2' title="bbox 98 431 1117 512; baseline 0.006 -20"><span class='ocrx_word' id='word_1_5' title='bbox 98 437 132 492; x_wconf 91' lang='lat' dir='ltr'><strong>et</strong></span> <span class='ocrx_word' id='word_1_6' title='bbox 146 431 224 495; x_wconf 88' lang='lat' dir='ltr'><strong>ideo</strong></span> <span class='ocrx_word' id='word_1_7' title='bbox 241 432 441 497; x_wconf 88' lang='lat' dir='ltr'><strong>considerari</strong></span> <span class='ocrx_word' id='word_1_8' title='bbox 450 439 590 510; x_wconf 75' lang='lat' dir='ltr'><strong>possunt</strong></span> <span class='ocrx_word' id='word_1_9' title='bbox 606 438 764 512; x_wconf 87' lang='lat' dir='ltr'><strong>tanquam</strong></span> <span class='ocrx_word' id='word_1_10' title='bbox 776 433 915 498; x_wconf 88' lang='lat' dir='ltr'><strong>confinia</strong></span> <span class='ocrx_word' id='word_1_11' title='bbox 926 452 988 498; x_wconf 88' lang='lat' dir='ltr'><strong>seu</strong></span> <span class='ocrx_word' id='word_1_12' title='bbox 1003 436 1117 498; x_wconf 89' lang='lat' dir='ltr'><strong>termi-</strong></span> 
     </span>
     <span class='ocr_line' id='line_1_3' title="bbox 98 512 988 594; baseline 0.008 -23"><span class='ocrx_word' id='word_1_13' title='bbox 98 512 133 572; x_wconf 89' lang='lat' dir='ltr'><strong>ni</strong></span> <span class='ocrx_word' id='word_1_14' title='bbox 147 513 252 590; x_wconf 89' lang='lat' dir='ltr'><strong>ipsius</strong></span> <span class='ocrx_word' id='word_1_15' title='bbox 261 513 378 592; x_wconf 85' lang='lat' dir='ltr'><strong>judicii</strong></span> <span class='ocrx_word' id='word_1_16' title='bbox 390 533 398 587; x_wconf 82' lang='lat'><em>3</em></span> <span class='ocrx_word' id='word_1_17' title='bbox 412 513 503 575; x_wconf 88' lang='lat' dir='ltr'><strong>unde</strong></span> <span class='ocrx_word' id='word_1_18' title='bbox 524 515 700 575; x_wconf 81' lang='lat' dir='ltr'><strong>terminant</strong></span> <span class='ocrx_word' id='word_1_19' title='bbox 713 516 988 594; x_wconf 78' lang='lat' dir='ltr'><strong>propositionem.</strong></span> 
     </span>
    </p>
   </div>
   <div class='ocr_carea' id='block_1_3' title="bbox 378 697 835 769">
    <p class='ocr_par' dir='ltr' id='par_1_3' title="bbox 378 697 835 769">
     <span class='ocr_line' id='line_1_4' title="bbox 378 697 835 769; baseline 0.004 -17"><span class='ocrx_word' id='word_1_20' title='bbox 378 697 410 752; x_wconf 89' lang='grc' dir='ltr'><strong>ΙΙ.</strong></span> <span class='ocrx_word' id='word_1_21' title='bbox 426 697 593 767; x_wconf 86' lang='lat' dir='ltr'><strong>Quotuplex</strong></span> <span class='ocrx_word' id='word_1_22' title='bbox 607 697 646 752; x_wconf 88' lang='lat' dir='ltr'><strong>sit</strong></span> <span class='ocrx_word' id='word_1_23' title='bbox 656 698 835 769; x_wconf 66' lang='lat' dir='ltr'><strong>conceptus?</strong></span> 
     </span>
    </p>
   </div>
   <div class='ocr_carea' id='block_1_4' title="bbox 138 855 955 1033">
    <p class='ocr_par' dir='ltr' id='par_1_4' title="bbox 138 855 955 1033">
     <span class='ocr_line' id='line_1_5' title="bbox 138 855 700 935; baseline 0.002 -18"><span class='ocrx_word' id='word_1_24' title='bbox 138 855 189 917; x_wconf 76' lang='lat'><strong>20.</strong></span> <span class='ocrx_word' id='word_1_25' title='bbox 207 855 447 934; x_wconf 90' lang='lat' dir='ltr'><strong>-Conceptus</strong></span> <span class='ocrx_word' id='word_1_26' title='bbox 463 855 564 919; x_wconf 85' lang='lat' dir='ltr'><strong>dividi</strong></span> <span class='ocrx_word' id='word_1_27' title='bbox 577 861 700 935; x_wconf 89' lang='lat' dir='ltr'><strong>potest,</strong></span> 
     </span>
     <span class='ocr_line' id='line_1_6' title="bbox 138 953 955 1033; baseline 0.006 -20"><span class='ocrx_word' id='word_1_28' title='bbox 138 953 163 1013; x_wconf 90' lang='lat' dir='ltr'><strong>I.</strong></span> <span class='ocrx_word' id='word_1_29' title='bbox 193 957 245 1015; x_wconf 77' lang='lat' dir='ltr'><strong>Ea</strong></span> <span class='ocrx_word' id='word_1_30' title='bbox 261 959 358 1029; x_wconf 84' lang='lat' dir='ltr'><strong>parte</strong></span> <span class='ocrx_word' id='word_1_31' title='bbox 378 955 469 1014; x_wconf 82' lang='lat' dir='ltr'><strong>modi</strong></span> <span class='ocrx_word' id='word_1_32' title='bbox 482 970 547 1031; x_wconf 85' lang='lat' dir='ltr'><strong>quo</strong></span> <span class='ocrx_word' id='word_1_33' title='bbox 564 955 733 1033; x_wconf 88' lang='lat' dir='ltr'><strong>objectum</strong></span> <span class='ocrx_word' id='word_1_34' title='bbox 749 955 931 1033; x_wconf 93' lang='lat' dir='ltr'><strong>concipitur</strong></span> <span class='ocrx_word' id='word_1_35' title='bbox 948 977 955 1018; x_wconf 92' lang='lat'>:</span> 
     </span>
    </p>
   </div>
   <div class='ocr_carea' id='block_1_5' title="bbox 87 1057 1180 2494">
    <p class='ocr_par' dir='ltr' id='par_1_5' title="bbox 92 1057 1180 1699">
     <span class='ocr_line' id='line_1_7' title="bbox 141 1057 1113 1141; baseline 0.008 -22"><span class='ocrx_word' id='word_1_36' title='bbox 141 1059 174 1120; x_wconf 75' lang='grc' dir='ltr'><strong>1Ο</strong></span> <span class='ocrx_word' id='word_1_37' title='bbox 189 1057 367 1119; x_wconf 81' lang='lat' dir='ltr'><strong>luctarum</strong></span> <span class='ocrx_word' id='word_1_38' title='bbox 389 1063 422 1119; x_wconf 89' lang='lat' dir='ltr'><strong>et</strong></span> <span class='ocrx_word' id='word_1_39' title='bbox 436 1061 618 1120; x_wconf 80' lang='lat' dir='ltr'><strong>obscuram.</strong></span> <span class='ocrx_word' id='word_1_40' title='bbox 643 1061 757 1122; x_wconf 90' lang='lat' dir='ltr'><strong>Clarus</strong></span> <span class='ocrx_word' id='word_1_41' title='bbox 779 1060 897 1124; x_wconf 89' lang='lat' dir='ltr'><strong>dicitur</strong></span> <span class='ocrx_word' id='word_1_42' title='bbox 921 1069 1113 1141; x_wconf 82' lang='lat' dir='ltr'><strong>conceptue,</strong></span> 
     </span>
     <span class='ocr_line' id='line_1_8' title="bbox 97 1136 1116 1220; baseline 0.009 -23"><span class='ocrx_word' id='word_1_43' title='bbox 97 1136 234 1215; x_wconf 86' lang='lat' dir='ltr'><strong>quando</strong></span> <span class='ocrx_word' id='word_1_44' title='bbox 250 1155 347 1200; x_wconf 91' lang='lat' dir='ltr'><strong>suum</strong></span> <span class='ocrx_word' id='word_1_45' title='bbox 361 1139 530 1218; x_wconf 87' lang='lat' dir='ltr'><strong>objectum</strong></span> <span class='ocrx_word' id='word_1_46' title='bbox 545 1141 585 1202; x_wconf 85' lang='lat' dir='ltr'><strong>ah</strong></span> <span class='ocrx_word' id='word_1_47' title='bbox 601 1141 672 1202; x_wconf 88' lang='lat' dir='ltr'><strong>aliis</strong></span> <span class='ocrx_word' id='word_1_48' title='bbox 685 1141 786 1202; x_wconf 83' lang='lat' dir='ltr'><strong>rebus</strong></span> <span class='ocrx_word' id='word_1_49' title='bbox 803 1140 986 1220; x_wconf 84' lang='lat' dir='ltr'><strong>distinguit.</strong></span> <span class='ocrx_word' id='word_1_50' title='bbox 1001 1146 1116 1206; x_wconf 89' lang='lat' dir='ltr'><strong>Rema-</strong></span> 
     </span>
     <span class='ocr_line' id='line_1_9' title="bbox 95 1217 1116 1298; baseline 0.01 -22"><span class='ocrx_word' id='word_1_51' title='bbox 95 1221 158 1278; x_wconf 90' lang='lat' dir='ltr'><strong>net</strong></span> <span class='ocrx_word' id='word_1_52' title='bbox 179 1217 350 1289; x_wconf 87' lang='lat' dir='ltr'><strong>obscurus,</strong></span> <span class='ocrx_word' id='word_1_53' title='bbox 368 1217 501 1298; x_wconf 87' lang='lat' dir='ltr'><strong>quando</strong></span> <span class='ocrx_word' id='word_1_54' title='bbox 516 1235 587 1280; x_wconf 88' lang='lat' dir='ltr'><strong>rem</strong></span> <span class='ocrx_word' id='word_1_55' title='bbox 608 1223 653 1281; x_wconf 90' lang='lat' dir='ltr'><strong>ita</strong></span> <span class='ocrx_word' id='word_1_56' title='bbox 681 1226 910 1296; x_wconf 72' lang='lat' dir='ltr'><strong>repraesentat,</strong></span> <span class='ocrx_word' id='word_1_57' title='bbox 932 1223 1116 1286; x_wconf 86' lang='lat' dir='ltr'><strong>uthaecre-</strong></span> 
     </span>
     <span class='ocr_line' id='line_1_10' title="bbox 94 1296 1114 1373; baseline 0.009 -16"><span class='ocrx_word' id='word_1_58' title='bbox 94 1300 312 1373; x_wconf 86' lang='lat' dir='ltr'><strong>praesentatio</strong></span> <span class='ocrx_word' id='word_1_59' title='bbox 327 1315 395 1359; x_wconf 92' lang='lat' dir='ltr'><strong>non</strong></span> <span class='ocrx_word' id='word_1_60' title='bbox 411 1296 552 1359; x_wconf 81' lang='lat' dir='ltr'><strong>sufficiat</strong></span> <span class='ocrx_word' id='word_1_61' title='bbox 562 1297 697 1360; x_wconf 77' lang='lat' dir='ltr'><strong>adhunc</strong></span> <span class='ocrx_word' id='word_1_62' title='bbox 712 1317 782 1361; x_wconf 90' lang='lat' dir='ltr'><strong>rem</strong></span> <span class='ocrx_word' id='word_1_63' title='bbox 798 1301 838 1360; x_wconf 88' lang='lat' dir='ltr'><strong>ab</strong></span> <span class='ocrx_word' id='word_1_64' title='bbox 854 1302 924 1362; x_wconf 91' lang='lat' dir='ltr'><strong>aliis</strong></span> <span class='ocrx_word' id='word_1_65' title='bbox 939 1319 1114 1366; x_wconf 89' lang='lat' dir='ltr'><strong>secernen-</strong></span> 
     </span>
     <span class='ocr_line' id='line_1_11' title="bbox 96 1376 1116 1460; baseline 0.008 -23"><span class='ocrx_word' id='word_1_66' title='bbox 96 1376 186 1437; x_wconf 90' lang='lat' dir='ltr'><strong>dam.</strong></span> <span class='ocrx_word' id='word_1_67' title='bbox 204 1378 265 1452; x_wconf 84' lang='lat' dir='ltr'><strong>Qui</strong></span> <span class='ocrx_word' id='word_1_68' title='bbox 293 1381 722 1457; x_wconf 84' lang='lat' dir='ltr'><strong>cognoscerettriangutum</strong></span> <span class='ocrx_word' id='word_1_69' title='bbox 738 1384 893 1458; x_wconf 84' lang='lat' dir='ltr'><strong>tanquam</strong></span> <span class='ocrx_word' id='word_1_70' title='bbox 907 1381 1048 1460; x_wconf 84' lang='lat' dir='ltr'><strong>figuram</strong></span> <span class='ocrx_word' id='word_1_71' title='bbox 1063 1385 1116 1445; x_wconf 90' lang='lat' dir='ltr'><strong>tri·</strong></span> 
     </span>
     <span class='ocr_line' id='line_1_12' title="bbox 94 1455 1116 1539; baseline 0.01 -23"><span class='ocrx_word' id='word_1_72' title='bbox 94 1455 161 1516; x_wconf 89' lang='lat' dir='ltr'><strong>bus</strong></span> <span class='ocrx_word' id='word_1_73' title='bbox 177 1458 306 1535; x_wconf 83' lang='lat' dir='ltr'><strong>angulis</strong></span> <span class='ocrx_word' id='word_1_74' title='bbox 322 1463 540 1531; x_wconf 82' lang='lat' dir='ltr'><strong>constantem,</strong></span> <span class='ocrx_word' id='word_1_75' title='bbox 556 1458 647 1519; x_wconf 87' lang='lat' dir='ltr'><strong>iilum</strong></span> <span class='ocrx_word' id='word_1_76' title='bbox 662 1466 853 1521; x_wconf 77' lang='lat' dir='ltr'><strong>secerneret</strong></span> <span class='ocrx_word' id='word_1_77' title='bbox 868 1461 908 1520; x_wconf 87' lang='lat' dir='ltr'><strong>ab</strong></span> <span class='ocrx_word' id='word_1_78' title='bbox 921 1463 991 1522; x_wconf 87' lang='lat' dir='ltr'><strong>aliis</strong></span> <span class='ocrx_word' id='word_1_79' title='bbox 1002 1461 1116 1539; x_wconf 85' lang='lat' dir='ltr'><strong>figuris</strong></span> 
     </span>
     <span class='ocr_line' id='line_1_13' title="bbox 92 1537 1180 1617; baseline 0.006 -21"><span class='ocrx_word' id='word_1_80' title='bbox 92 1538 304 1614; x_wconf 81' lang='lat' dir='ltr'><strong>geometriae‚</strong></span> <span class='ocrx_word' id='word_1_81' title='bbox 322 1541 355 1597; x_wconf 89' lang='lat' dir='ltr'><strong>et</strong></span> <span class='ocrx_word' id='word_1_82' title='bbox 368 1537 443 1598; x_wconf 89' lang='lat' dir='ltr'><strong>ideo</strong></span> <span class='ocrx_word' id='word_1_83' title='bbox 457 1539 600 1616; x_wconf 85' lang='lat' dir='ltr'><strong>aliquem</strong></span> <span class='ocrx_word' id='word_1_84' title='bbox 614 1539 753 1600; x_wconf 88' lang='lat' dir='ltr'><strong>haberet</strong></span> <span class='ocrx_word' id='word_1_85' title='bbox 765 1545 963 1617; x_wconf 87' lang='lat' dir='ltr'><strong>conceptum</strong></span> <span class='ocrx_word' id='word_1_86' title='bbox 975 1543 1111 1604; x_wconf 89' lang='lat' dir='ltr'><strong>clarum.</strong></span> <span class='ocrx_word' id='word_1_87' title='bbox 1174 1553 1180 1556; x_wconf 79' lang='grc'><strong>’</strong></span> 
     </span>
     <span class='ocr_line' id='line_1_14' title="bbox 95 1616 1114 1699; baseline 0.008 -23"><span class='ocrx_word' id='word_1_88' title='bbox 95 1616 161 1690; x_wconf 86' lang='lat' dir='ltr'><strong>Qui</strong></span> <span class='ocrx_word' id='word_1_89' title='bbox 189 1617 387 1696; x_wconf 86' lang='lat' dir='ltr'><strong>triangulum</strong></span> <span class='ocrx_word' id='word_1_90' title='bbox 410 1618 601 1694; x_wconf 89' lang='lat' dir='ltr'><strong>simpliciter</strong></span> <span class='ocrx_word' id='word_1_91' title='bbox 626 1625 844 1697; x_wconf 85' lang='lat' dir='ltr'><strong>cognosceret</strong></span> <span class='ocrx_word' id='word_1_92' title='bbox 874 1623 1032 1699; x_wconf 86' lang='lat' dir='ltr'><strong>tanquam</strong></span> <span class='ocrx_word' id='word_1_93' title='bbox 1059 1624 1114 1684; x_wconf 88' lang='lat' dir='ltr'><strong>ali·</strong></span> 
     </span>
    </p>

    <p class='ocr_par' dir='ltr' id='par_1_6' title="bbox 87 1695 1178 2395">
     <span class='ocr_line' id='line_1_15' title="bbox 95 1695 1068 1776; baseline 0.006 -20"><span class='ocrx_word' id='word_1_94' title='bbox 95 1712 199 1774; x_wconf 89' lang='lat' dir='ltr'><strong>quarn</strong></span> <span class='ocrx_word' id='word_1_95' title='bbox 231 1697 420 1774; x_wconf 84' lang='lat' dir='ltr'><strong>geometriae</strong></span> <span class='ocrx_word' id='word_1_96' title='bbox 432 1695 584 1776; x_wconf 88' lang='lat' dir='ltr'><strong>figuram,</strong></span> <span class='ocrx_word' id='word_1_97' title='bbox 602 1697 713 1758; x_wconf 89' lang='lat' dir='ltr'><strong>ideam</strong></span> <span class='ocrx_word' id='word_1_98' title='bbox 727 1699 866 1759; x_wconf 88' lang='lat' dir='ltr'><strong>haberet</strong></span> <span class='ocrx_word' id='word_1_99' title='bbox 881 1701 1068 1762; x_wconf 87' lang='lat' dir='ltr'><strong>obscuram.</strong></span> 
     </span>
     <span class='ocr_line' id='line_1_16' title="bbox 138 1774 1115 1855; baseline 0.006 -19"><span class='ocrx_word' id='word_1_100' title='bbox 138 1774 170 1836; x_wconf 71' lang='lat'><strong>2⁰</strong></span> <span class='ocrx_word' id='word_1_101' title='bbox 191 1777 348 1838; x_wconf 88' lang='lat' dir='ltr'><strong>Dividitur</strong></span> <span class='ocrx_word' id='word_1_102' title='bbox 370 1778 403 1836; x_wconf 92' lang='lat' dir='ltr'><strong>in</strong></span> <span class='ocrx_word' id='word_1_103' title='bbox 428 1779 610 1854; x_wconf 79' lang='lat' dir='ltr'><strong>distinctum</strong></span> <span class='ocrx_word' id='word_1_104' title='bbox 635 1782 669 1838; x_wconf 88' lang='lat' dir='ltr'><strong>et</strong></span> <span class='ocrx_word' id='word_1_105' title='bbox 692 1780 873 1854; x_wconf 78' lang='lat' dir='ltr'><strong>confusam,</strong></span> <span class='ocrx_word' id='word_1_106' title='bbox 899 1787 998 1855; x_wconf 91' lang='lat' dir='ltr'><strong>prout</strong></span> <span class='ocrx_word' id='word_1_107' title='bbox 1018 1786 1115 1843; x_wconf 86' lang='lat' dir='ltr'><strong>notas</strong></span> 
     </span>
     <span class='ocr_line' id='line_1_17' title="bbox 95 1854 1112 1936; baseline 0.008 -22"><span class='ocrx_word' id='word_1_108' title='bbox 95 1854 221 1934; x_wconf 86' lang='lat' dir='ltr'><strong>objecti</strong></span> <span class='ocrx_word' id='word_1_109' title='bbox 235 1857 421 1934; x_wconf 86' lang='lat' dir='ltr'><strong>praecipuas</strong></span> <span class='ocrx_word' id='word_1_110' title='bbox 437 1855 609 1936; x_wconf 82' lang='lat' dir='ltr'><strong>distinguit</strong></span> <span class='ocrx_word' id='word_1_111' title='bbox 629 1861 662 1918; x_wconf 90' lang='lat' dir='ltr'><strong>et</strong></span> <span class='ocrx_word' id='word_1_112' title='bbox 683 1859 837 1932; x_wconf 88' lang='lat' dir='ltr'><strong>secernit,</strong></span> <span class='ocrx_word' id='word_1_113' title='bbox 863 1861 917 1920; x_wconf 87' lang='lat' dir='ltr'><strong>vel</strong></span> <span class='ocrx_word' id='word_1_114' title='bbox 939 1877 1018 1923; x_wconf 91' lang='lat' dir='ltr'><strong>non.</strong></span> <span class='ocrx_word' id='word_1_115' title='bbox 1040 1861 1112 1922; x_wconf 89' lang='lat' dir='ltr'><strong>Dis-</strong></span> 
     </span>
     <span class='ocr_line' id='line_1_18' title="bbox 95 1934 1114 2015; baseline 0.009 -21"><span class='ocrx_word' id='word_1_116' title='bbox 95 1934 211 1996; x_wconf 89' lang='lat' dir='ltr'><strong>tinctio</strong></span> <span class='ocrx_word' id='word_1_117' title='bbox 235 1953 315 2014; x_wconf 86' lang='lat' dir='ltr'><strong>ergo</strong></span> <span class='ocrx_word' id='word_1_118' title='bbox 343 1953 362 1996; x_wconf 92' lang='lat' dir='ltr'><strong>a</strong></span> <span class='ocrx_word' id='word_1_119' title='bbox 387 1935 532 1996; x_wconf 87' lang='lat' dir='ltr'><strong>claritate</strong></span> <span class='ocrx_word' id='word_1_120' title='bbox 557 1935 678 2010; x_wconf 85' lang='lat' dir='ltr'><strong>differt,</strong></span> <span class='ocrx_word' id='word_1_121' title='bbox 704 1938 739 1997; x_wconf 94' lang='lat' dir='ltr'><strong>in</strong></span> <span class='ocrx_word' id='word_1_122' title='bbox 763 1942 924 2015; x_wconf 86' lang='lat' dir='ltr'><strong>quantum</strong></span> <span class='ocrx_word' id='word_1_123' title='bbox 949 1938 1114 2003; x_wconf 89' lang='lat' dir='ltr'><strong>distinctio</strong></span> 
     </span>
     <span class='ocr_line' id='line_1_19' title="bbox 93 2015 1114 2100; baseline 0.008 -26"><span class='ocrx_word' id='word_1_124' title='bbox 93 2015 231 2094; x_wconf 88' lang='lat' dir='ltr'><strong>respicit</strong></span> <span class='ocrx_word' id='word_1_125' title='bbox 245 2017 355 2093; x_wconf 89' lang='lat' dir='ltr'><strong>potius</strong></span> <span class='ocrx_word' id='word_1_126' title='bbox 369 2016 547 2077; x_wconf 87' lang='lat' dir='ltr'><strong>intrinseca</strong></span> <span class='ocrx_word' id='word_1_127' title='bbox 569 2020 617 2078; x_wconf 91' lang='lat' dir='ltr'><strong>rei</strong></span> <span class='ocrx_word' id='word_1_128' title='bbox 642 2017 886 2089; x_wconf 85' lang='lat' dir='ltr'><strong>constituentia,</strong></span> <span class='ocrx_word' id='word_1_129' title='bbox 899 2035 999 2096; x_wconf 89' lang='lat' dir='ltr'><strong>quam</strong></span> <span class='ocrx_word' id='word_1_130' title='bbox 1021 2021 1114 2100; x_wconf 88' lang='lat' dir='ltr'><strong>ejus-</strong></span> 
     </span>
     <span class='ocr_line' id='line_1_20' title="bbox 94 2093 1113 2176; baseline 0.007 -21"><span class='ocrx_word' id='word_1_131' title='bbox 94 2093 175 2155; x_wconf 90' lang='lat' dir='ltr'><strong>dem</strong></span> <span class='ocrx_word' id='word_1_132' title='bbox 190 2095 240 2156; x_wconf 92' lang='lat' dir='ltr'><strong>rei</strong></span> <span class='ocrx_word' id='word_1_133' title='bbox 255 2094 479 2156; x_wconf 86' lang='lat' dir='ltr'><strong>diversitatem</strong></span> <span class='ocrx_word' id='word_1_134' title='bbox 493 2096 534 2156; x_wconf 86' lang='lat' dir='ltr'><strong>ab</strong></span> <span class='ocrx_word' id='word_1_135' title='bbox 547 2096 631 2168; x_wconf 86' lang='lat' dir='ltr'><strong>aliis;</strong></span> <span class='ocrx_word' id='word_1_136' title='bbox 649 2097 772 2158; x_wconf 88' lang='lat' dir='ltr'><strong>durnin</strong></span> <span class='ocrx_word' id='word_1_137' title='bbox 789 2098 934 2159; x_wconf 85' lang='lat' dir='ltr'><strong>claritate</strong></span> <span class='ocrx_word' id='word_1_138' title='bbox 949 2100 1113 2176; x_wconf 88' lang='lat' dir='ltr'><strong>idearum,</strong></span> 
     </span>
     <span class='ocr_line' id='line_1_21' title="bbox 94 2177 1115 2259; baseline 0.009 -25"><span class='ocrx_word' id='word_1_139' title='bbox 94 2179 236 2236; x_wconf 87' lang='lat' dir='ltr'><strong>eatenus</strong></span> <span class='ocrx_word' id='word_1_140' title='bbox 249 2177 471 2251; x_wconf 90' lang='lat' dir='ltr'><strong>respiciuntur</strong></span> <span class='ocrx_word' id='word_1_141' title='bbox 484 2177 662 2237; x_wconf 90' lang='lat' dir='ltr'><strong>intrinseca</strong></span> <span class='ocrx_word' id='word_1_142' title='bbox 676 2179 722 2237; x_wconf 88' lang='lat' dir='ltr'><strong>rei</strong></span> <span class='ocrx_word' id='word_1_143' title='bbox 738 2180 982 2252; x_wconf 84' lang='lat' dir='ltr'><strong>constituentia,</strong></span> <span class='ocrx_word' id='word_1_144' title='bbox 995 2185 1115 2259; x_wconf 90' lang='lat' dir='ltr'><strong>quate-</strong></span> 
     </span>
     <span class='ocr_line' id='line_1_22' title="bbox 87 2253 1112 2395; baseline 0.008 -81"><span class='ocrx_word' id='word_1_145' title='bbox 87 2270 158 2395; x_wconf 35' lang='lat' dir='ltr'><strong>,flus</strong></span> <span class='ocrx_word' id='word_1_146' title='bbox 174 2253 209 2316; x_wconf 91' lang='lat' dir='ltr'><strong>id</strong></span> <span class='ocrx_word' id='word_1_147' title='bbox 223 2256 400 2332; x_wconf 88' lang='lat' dir='ltr'><strong>requiritur</strong></span> <span class='ocrx_word' id='word_1_148' title='bbox 413 2254 456 2316; x_wconf 90' lang='lat' dir='ltr'><strong>ad</strong></span> <span class='ocrx_word' id='word_1_149' title='bbox 469 2271 541 2314; x_wconf 89' lang='lat' dir='ltr'><strong>rem</strong></span> <span class='ocrx_word' id='word_1_150' title='bbox 564 2255 728 2334; x_wconf 90' lang='lat' dir='ltr'><strong>ejusmodi</strong></span> <span class='ocrx_word' id='word_1_151' title='bbox 742 2258 783 2318; x_wconf 85' lang='lat' dir='ltr'><strong>ab</strong></span> <span class='ocrx_word' id='word_1_152' title='bbox 799 2257 869 2318; x_wconf 87' lang='lat' dir='ltr'><strong>aliis</strong></span> <span class='ocrx_word' id='word_1_153' title='bbox 885 2258 1112 2322; x_wconf 90' lang='lat' dir='ltr'><strong>discriminan-</strong></span> 
     </span>
     <span class='ocr_line' id='line_1_23' title="bbox 120 2349 1178 2394; baseline 0.008 -13"><span class='ocrx_word' id='word_1_154' title='bbox 120 2349 186 2394; x_wconf 68' lang='lat' dir='ltr'><strong>am,</strong></span> <span class='ocrx_word' id='word_1_155' title='bbox 1176 2385 1178 2389; x_wconf 87' lang='lat'><strong>.</strong></span> 
     </span>
    </p>

    <p class='ocr_par' dir='ltr' id='par_1_7' title="bbox 135 2412 1114 2494">
     <span class='ocr_line' id='line_1_24' title="bbox 135 2412 1114 2494; baseline 0.007 -20"><span class='ocrx_word' id='word_1_156' title='bbox 135 2415 168 2474; x_wconf 87' lang='lat'><strong>3⁰</strong></span> <span class='ocrx_word' id='word_1_157' title='bbox 193 2413 272 2475; x_wconf 82' lang='lat' dir='ltr'><strong>Idea</strong></span> <span class='ocrx_word' id='word_1_158' title='bbox 296 2412 449 2474; x_wconf 87' lang='lat' dir='ltr'><strong>distincta</strong></span> <span class='ocrx_word' id='word_1_159' title='bbox 474 2417 524 2474; x_wconf 89' lang='lat' dir='ltr'><strong>est</strong></span> <span class='ocrx_word' id='word_1_160' title='bbox 547 2414 710 2491; x_wconf 89' lang='lat' dir='ltr'><strong>completa</strong></span> <span class='ocrx_word' id='word_1_161' title='bbox 732 2416 787 2477; x_wconf 89' lang='lat' dir='ltr'><strong>vel</strong></span> <span class='ocrx_word' id='word_1_162' title='bbox 804 2415 1014 2494; x_wconf 85' lang='lat' dir='ltr'><strong>incompleta.</strong></span> <span class='ocrx_word' id='word_1_163' title='bbox 1036 2419 1114 2481; x_wconf 84' lang='lat' dir='ltr'><strong>idea</strong></span> 
     </span>
    </p>
   </div>
   <div class='ocr_carea' id='block_1_6' title="bbox 94 2492 1213 2570">
    <p class='ocr_par' dir='ltr' id='par_1_8' title="bbox 94 2492 1213 2570">
     <span class='ocr_line' id='line_1_25' title="bbox 94 2492 1213 2570; baseline 0.001 -16"><span class='ocrx_word' id='word_1_164' title='bbox 94 2492 251 2555; x_wconf 90' lang='lat' dir='ltr'><strong>distincta</strong></span> <span class='ocrx_word' id='word_1_165' title='bbox 277 2493 396 2554; x_wconf 90' lang='lat' dir='ltr'><strong>dicitur</strong></span> <span class='ocrx_word' id='word_1_166' title='bbox 410 2492 579 2568; x_wconf 82' lang='lat' dir='ltr'><strong>completa,</strong></span> <span class='ocrx_word' id='word_1_167' title='bbox 603 2492 737 2570; x_wconf 87' lang='lat' dir='ltr'><strong>quando</strong></span> <span class='ocrx_word' id='word_1_168' title='bbox 758 2511 874 2556; x_wconf 87' lang='lat' dir='ltr'><strong>omnes</strong></span> <span class='ocrx_word' id='word_1_169' title='bbox 889 2502 985 2559; x_wconf 90' lang='lat' dir='ltr'><strong>notas</strong></span> <span class='ocrx_word' id='word_1_170' title='bbox 1002 2498 1114 2561; x_wconf 90' lang='lat' dir='ltr'><strong>distin·</strong></span> <span class='ocrx_word' id='word_1_171' title='bbox 1210 2552 1213 2555; x_wconf 85' lang='lat'><strong>.</strong></span> 
     </span>
    </p>
   </div>
   <div class='ocr_carea' id='block_1_7' title="bbox 93 2569 1165 3768">
    <p class='ocr_par' dir='ltr' id='par_1_9' title="bbox 93 2569 1165 3286">
     <span class='ocr_line' id='line_1_26' title="bbox 95 2569 1113 2657; baseline 0.006 -25"><span class='ocrx_word' id='word_1_172' title='bbox 95 2576 167 2633; x_wconf 88' lang='lat' dir='ltr'><strong>ctas</strong></span> <span class='ocrx_word' id='word_1_173' title='bbox 199 2573 324 2652; x_wconf 84' lang='lat' dir='ltr'><strong>objecti</strong></span> <span class='ocrx_word' id='word_1_174' title='bbox 354 2573 476 2650; x_wconf 78' lang='lat' dir='ltr'><strong>cogniti</strong></span> <span class='ocrx_word' id='word_1_175' title='bbox 501 2578 685 2634; x_wconf 89' lang='lat' dir='ltr'><strong>enumerat.</strong></span> <span class='ocrx_word' id='word_1_176' title='bbox 719 2574 751 2634; x_wconf 88' lang='lat' dir='ltr'><strong>Si</strong></span> <span class='ocrx_word' id='word_1_177' title='bbox 775 2591 891 2636; x_wconf 90' lang='lat' dir='ltr'><strong>omnes</strong></span> <span class='ocrx_word' id='word_1_178' title='bbox 921 2569 1113 2657; x_wconf 79' lang='lat' dir='ltr'><strong>hujusmodi</strong></span> 
     </span>
     <span class='ocr_line' id='line_1_27' title="bbox 93 2651 1165 2734; baseline 0.003 -20"><span class='ocrx_word' id='word_1_179' title='bbox 93 2658 192 2715; x_wconf 89' lang='lat' dir='ltr'><strong>notas</strong></span> <span class='ocrx_word' id='word_1_180' title='bbox 205 2667 271 2714; x_wconf 91' lang='lat' dir='ltr'><strong>non</strong></span> <span class='ocrx_word' id='word_1_181' title='bbox 289 2653 509 2724; x_wconf 90' lang='lat' dir='ltr'><strong>enumeraret,</strong></span> <span class='ocrx_word' id='word_1_182' title='bbox 525 2651 720 2728; x_wconf 77' lang='lat' dir='ltr'><strong>incompleta</strong></span> <span class='ocrx_word' id='word_1_183' title='bbox 739 2661 938 2716; x_wconf 85' lang='lat' dir='ltr'><strong>remaneret.</strong></span> <span class='ocrx_word' id='word_1_184' title='bbox 1162 2727 1165 2734; x_wconf 26' lang='grc' dir='ltr'>Ι</span> 
     </span>
     <span class='ocr_line' id='line_1_28' title="bbox 134 2729 1112 2814; baseline 0.005 -21"><span class='ocrx_word' id='word_1_185' title='bbox 134 2733 168 2793; x_wconf 84' lang='lat'><strong>4⁰</strong></span> <span class='ocrx_word' id='word_1_186' title='bbox 177 2731 364 2810; x_wconf 86' lang='lat' dir='ltr'><strong>¹Conceptus</strong></span> <span class='ocrx_word' id='word_1_187' title='bbox 380 2729 563 2809; x_wconf 85' lang='lat' dir='ltr'><strong>completus</strong></span> <span class='ocrx_word' id='word_1_188' title='bbox 578 2732 678 2792; x_wconf 88' lang='lat' dir='ltr'><strong>etiam</strong></span> <span class='ocrx_word' id='word_1_189' title='bbox 693 2731 847 2795; x_wconf 87' lang='lat' dir='ltr'><strong>dividitur</strong></span> <span class='ocrx_word' id='word_1_190' title='bbox 860 2736 895 2796; x_wconf 91' lang='lat' dir='ltr'><strong>in</strong></span> <span class='ocrx_word' id='word_1_191' title='bbox 905 2739 1112 2814; x_wconf 75' lang='lat' dir='ltr'><strong>adaquatum</strong></span> 
     </span>
     <span class='ocr_line' id='line_1_29' title="bbox 96 2811 1113 2893; baseline 0.004 -19"><span class='ocrx_word' id='word_1_192' title='bbox 96 2817 130 2874; x_wconf 86' lang='lat' dir='ltr'><strong>et</strong></span> <span class='ocrx_word' id='word_1_193' title='bbox 148 2813 402 2888; x_wconf 67' lang='lat' dir='ltr'><strong>condecoratam.</strong></span> <span class='ocrx_word' id='word_1_194' title='bbox 427 2811 613 2888; x_wconf 84' lang='lat' dir='ltr'><strong>Conceptus</strong></span> <span class='ocrx_word' id='word_1_195' title='bbox 638 2815 823 2890; x_wconf 90' lang='lat' dir='ltr'><strong>completus</strong></span> <span class='ocrx_word' id='word_1_196' title='bbox 848 2818 899 2875; x_wconf 89' lang='lat' dir='ltr'><strong>est</strong></span> <span class='ocrx_word' id='word_1_197' title='bbox 922 2819 1113 2893; x_wconf 75' lang='lat' dir='ltr'><strong>adaquatos</strong></span> 
     </span>
     <span class='ocr_line' id='line_1_30' title="bbox 96 2891 1112 2970; baseline 0.004 -18"><span class='ocrx_word' id='word_1_198' title='bbox 96 2891 231 2970; x_wconf 89' lang='lat' dir='ltr'><strong>quando</strong></span> <span class='ocrx_word' id='word_1_199' title='bbox 247 2893 366 2968; x_wconf 92' lang='lat' dir='ltr'><strong>inipso</strong></span> <span class='ocrx_word' id='word_1_200' title='bbox 391 2891 649 2967; x_wconf 88' lang='lat' dir='ltr'><strong>conspiciuntur,</strong></span> <span class='ocrx_word' id='word_1_201' title='bbox 666 2908 733 2953; x_wconf 92' lang='lat' dir='ltr'><strong>non</strong></span> <span class='ocrx_word' id='word_1_202' title='bbox 750 2893 978 2956; x_wconf 89' lang='lat' dir='ltr'><strong>tantummodo</strong></span> <span class='ocrx_word' id='word_1_203' title='bbox 994 2909 1112 2958; x_wconf 90' lang='lat' dir='ltr'><strong>omnes</strong></span> 
     </span>
     <span class='ocr_line' id='line_1_31' title="bbox 93 2970 1113 3050; baseline 0.003 -16"><span class='ocrx_word' id='word_1_204' title='bbox 93 2975 184 3035; x_wconf 89' lang='lat' dir='ltr'><strong>notae</strong></span> <span class='ocrx_word' id='word_1_205' title='bbox 199 2970 327 3050; x_wconf 83' lang='lat' dir='ltr'><strong>priores</strong></span> <span class='ocrx_word' id='word_1_206' title='bbox 342 2970 375 3033; x_wconf 83' lang='lat' dir='ltr'><strong>et</strong></span> <span class='ocrx_word' id='word_1_207' title='bbox 391 2970 583 3033; x_wconf 89' lang='lat' dir='ltr'><strong>essentiales</strong></span> <span class='ocrx_word' id='word_1_208' title='bbox 599 2971 721 3049; x_wconf 85' lang='lat' dir='ltr'><strong>objecti</strong></span> <span class='ocrx_word' id='word_1_209' title='bbox 733 2975 868 3050; x_wconf 90' lang='lat' dir='ltr'><strong>cogniti,</strong></span> <span class='ocrx_word' id='word_1_210' title='bbox 881 2990 998 3036; x_wconf 82' lang='lat' dir='ltr'><strong>rerum</strong></span> <span class='ocrx_word' id='word_1_211' title='bbox 1012 2976 1113 3037; x_wconf 87' lang='lat' dir='ltr'><strong>etiam</strong></span> 
     </span>
     <span class='ocr_line' id='line_1_32' title="bbox 93 3049 1110 3125; baseline 0.002 -11"><span class='ocrx_word' id='word_1_212' title='bbox 93 3056 184 3114; x_wconf 87' lang='lat' dir='ltr'><strong>notae</strong></span> <span class='ocrx_word' id='word_1_213' title='bbox 206 3049 413 3114; x_wconf 88' lang='lat' dir='ltr'><strong>secundariae</strong></span> <span class='ocrx_word' id='word_1_214' title='bbox 430 3057 463 3112; x_wconf 88' lang='lat' dir='ltr'><strong>et</strong></span> <span class='ocrx_word' id='word_1_215' title='bbox 484 3049 717 3112; x_wconf 82' lang='lat' dir='ltr'><strong>accidentales</strong></span> <span class='ocrx_word' id='word_1_216' title='bbox 735 3051 874 3125; x_wconf 85' lang='lat' dir='ltr'><strong>Quando</strong></span> <span class='ocrx_word' id='word_1_217' title='bbox 889 3053 923 3114; x_wconf 94' lang='lat' dir='ltr'><strong>in</strong></span> <span class='ocrx_word' id='word_1_218' title='bbox 941 3055 1005 3115; x_wconf 93' lang='lat' dir='ltr'><strong>hoc</strong></span> <span class='ocrx_word' id='word_1_219' title='bbox 1031 3071 1110 3118; x_wconf 93' lang='lat' dir='ltr'><strong>con·</strong></span> 
     </span>
     <span class='ocr_line' id='line_1_33' title="bbox 95 3130 1112 3211; baseline 0.002 -17"><span class='ocrx_word' id='word_1_220' title='bbox 95 3137 208 3210; x_wconf 90' lang='lat' dir='ltr'><strong>ceptu,</strong></span> <span class='ocrx_word' id='word_1_221' title='bbox 223 3147 319 3192; x_wconf 89' lang='lat' dir='ltr'><strong>mens</strong></span> <span class='ocrx_word' id='word_1_222' title='bbox 341 3134 452 3196; x_wconf 90' lang='lat' dir='ltr'><strong>omnia</strong></span> <span class='ocrx_word' id='word_1_223' title='bbox 465 3130 538 3190; x_wconf 86' lang='lat' dir='ltr'><strong>haec</strong></span> <span class='ocrx_word' id='word_1_224' title='bbox 551 3145 620 3192; x_wconf 90' lang='lat' dir='ltr'><strong>non</strong></span> <span class='ocrx_word' id='word_1_225' title='bbox 639 3136 826 3206; x_wconf 87' lang='lat' dir='ltr'><strong>contuetur,</strong></span> <span class='ocrx_word' id='word_1_226' title='bbox 854 3139 1035 3211; x_wconf 92' lang='lat' dir='ltr'><strong>conceptus</strong></span> <span class='ocrx_word' id='word_1_227' title='bbox 1056 3151 1112 3197; x_wconf 89' lang='lat' dir='ltr'><strong>re-</strong></span> 
     </span>
     <span class='ocr_line' id='line_1_34' title="bbox 93 3214 466 3286; baseline -0.003 -14"><span class='ocrx_word' id='word_1_228' title='bbox 93 3217 210 3274; x_wconf 89' lang='lat' dir='ltr'><strong>manet</strong></span> <span class='ocrx_word' id='word_1_229' title='bbox 230 3214 466 3286; x_wconf 69' lang='lat' dir='ltr'><strong>coadaequatur.</strong></span> 
     </span>
    </p>

    <p class='ocr_par' dir='ltr' id='par_1_10' title="bbox 93 3289 1112 3449">
     <span class='ocr_line' id='line_1_35' title="bbox 132 3289 1112 3368; baseline 0 -15"><span class='ocrx_word' id='word_1_230' title='bbox 132 3292 294 3362; x_wconf 77' lang='lat' dir='ltr'><strong>Tandem,</strong></span> <span class='ocrx_word' id='word_1_231' title='bbox 328 3293 361 3352; x_wconf 85' lang='lat'><strong>5⁰</strong></span> <span class='ocrx_word' id='word_1_232' title='bbox 395 3290 583 3366; x_wconf 83' lang='lat' dir='ltr'><strong>Conceptus</strong></span> <span class='ocrx_word' id='word_1_233' title='bbox 616 3305 635 3351; x_wconf 86' lang='lat' dir='ltr'><strong>a</strong></span> <span class='ocrx_word' id='word_1_234' title='bbox 667 3289 866 3368; x_wconf 86' lang='lat' dir='ltr'><strong>quibusdam</strong></span> <span class='ocrx_word' id='word_1_235' title='bbox 895 3289 1049 3355; x_wconf 88' lang='lat' dir='ltr'><strong>dividitur</strong></span> <span class='ocrx_word' id='word_1_236' title='bbox 1076 3294 1112 3354; x_wconf 93' lang='lat' dir='ltr'><strong>in</strong></span> 
     </span>
     <span class='ocr_line' id='line_1_36' title="bbox 93 3369 744 3449; baseline -0.003 -15"><span class='ocrx_word' id='word_1_237' title='bbox 93 3373 391 3449; x_wconf 74' lang='lat' dir='ltr'><strong>comprehensivam</strong></span> <span class='ocrx_word' id='word_1_238' title='bbox 413 3373 446 3430; x_wconf 87' lang='lat' dir='ltr'><strong>et</strong></span> <span class='ocrx_word' id='word_1_239' title='bbox 465 3369 744 3446; x_wconf 70' lang='lat' dir='ltr'><strong>apprehensione.</strong></span> 
     </span>
    </p>

    <p class='ocr_par' dir='ltr' id='par_1_11' title="bbox 95 3449 1111 3768">
     <span class='ocr_line' id='line_1_37' title="bbox 136 3449 1109 3529; baseline 0.001 -16"><span class='ocrx_word' id='word_1_240' title='bbox 136 3451 324 3528; x_wconf 89' lang='lat' dir='ltr'><strong>Conceptus</strong></span> <span class='ocrx_word' id='word_1_241' title='bbox 344 3450 462 3512; x_wconf 89' lang='lat' dir='ltr'><strong>dicitur</strong></span> <span class='ocrx_word' id='word_1_242' title='bbox 485 3449 777 3525; x_wconf 78' lang='lat' dir='ltr'><strong>comprehensivas,</strong></span> <span class='ocrx_word' id='word_1_243' title='bbox 802 3449 936 3529; x_wconf 85' lang='lat' dir='ltr'><strong>quando</strong></span> <span class='ocrx_word' id='word_1_244' title='bbox 960 3467 1033 3512; x_wconf 90' lang='lat' dir='ltr'><strong>rem</strong></span> <span class='ocrx_word' id='word_1_245' title='bbox 1055 3466 1109 3514; x_wconf 88' lang='lat' dir='ltr'><strong>re·</strong></span> 
     </span>
     <span class='ocr_line' id='line_1_38' title="bbox 95 3531 1111 3610; baseline -0.002 -15"><span class='ocrx_word' id='word_1_246' title='bbox 95 3535 283 3610; x_wconf 82' lang='lat' dir='ltr'><strong>praesentat,</strong></span> <span class='ocrx_word' id='word_1_247' title='bbox 300 3535 460 3608; x_wconf 88' lang='lat' dir='ltr'><strong>qnantum</strong></span> <span class='ocrx_word' id='word_1_248' title='bbox 473 3532 707 3607; x_wconf 87' lang='lat' dir='ltr'><strong>repraesentari</strong></span> <span class='ocrx_word' id='word_1_249' title='bbox 719 3534 842 3608; x_wconf 90' lang='lat' dir='ltr'><strong>potest,</strong></span> <span class='ocrx_word' id='word_1_250' title='bbox 858 3531 983 3594; x_wconf 87' lang='lat' dir='ltr'><strong>scilicet</strong></span> <span class='ocrx_word' id='word_1_251' title='bbox 993 3545 1111 3594; x_wconf 89' lang='lat' dir='ltr'><strong>secun-</strong></span> 
     </span>
     <span class='ocr_line' id='line_1_39' title="bbox 96 3608 1111 3691; baseline -0.001 -17"><span class='ocrx_word' id='word_1_252' title='bbox 96 3611 178 3674; x_wconf 88' lang='lat' dir='ltr'><strong>dum</strong></span> <span class='ocrx_word' id='word_1_253' title='bbox 193 3615 296 3673; x_wconf 90' lang='lat' dir='ltr'><strong>totam</strong></span> <span class='ocrx_word' id='word_1_254' title='bbox 312 3610 385 3690; x_wconf 83' lang='lat' dir='ltr'><strong>ejus</strong></span> <span class='ocrx_word' id='word_1_255' title='bbox 397 3608 710 3688; x_wconf 76' lang='lat' dir='ltr'><strong>intelligibilitatem.</strong></span> <span class='ocrx_word' id='word_1_256' title='bbox 731 3610 813 3673; x_wconf 87' lang='lat' dir='ltr'><strong>Hinc</strong></span> <span class='ocrx_word' id='word_1_257' title='bbox 836 3611 1018 3691; x_wconf 84' lang='lat' dir='ltr'><strong>objectum,</strong></span> <span class='ocrx_word' id='word_1_258' title='bbox 1041 3627 1111 3674; x_wconf 90' lang='lat' dir='ltr'><strong>non</strong></span> 
     </span>
     <span class='ocr_line' id='line_1_40' title="bbox 96 3687 1107 3768; baseline -0.002 -12"><span class='ocrx_word' id='word_1_259' title='bbox 96 3693 196 3756; x_wconf 92' lang='lat' dir='ltr'><strong>modo</strong></span> <span class='ocrx_word' id='word_1_260' title='bbox 220 3689 322 3754; x_wconf 89' lang='lat' dir='ltr'><strong>debet</strong></span> <span class='ocrx_word' id='word_1_261' title='bbox 334 3687 459 3754; x_wconf 82' lang='lat' dir='ltr'><strong>referre</strong></span> <span class='ocrx_word' id='word_1_262' title='bbox 476 3687 587 3768; x_wconf 88' lang='lat' dir='ltr'><strong>quoad</strong></span> <span class='ocrx_word' id='word_1_263' title='bbox 607 3694 856 3766; x_wconf 72' lang='lat' dir='ltr'><strong>omnes&#39;notas</strong></span> <span class='ocrx_word' id='word_1_264' title='bbox 878 3691 979 3754; x_wconf 88' lang='lat' dir='ltr'><strong>etiam</strong></span> <span class='ocrx_word' id='word_1_265' title='bbox 999 3691 1107 3754; x_wconf 90' lang='lat' dir='ltr'><strong>miuu-</strong></span> 
     </span>
    </p>
   </div>
   <div class='ocr_carea' id='block_1_8' title="bbox 0 0 1330 4242">
    <p class='ocr_par' dir='ltr' id='par_1_12' title="bbox 0 0 1330 4242">
     <span class='ocr_line' id='line_1_41' title="bbox 0 0 1330 4242; baseline 0 0"><span class='ocrx_word' id='word_1_266' title='bbox 0 0 1330 4242; x_wconf 95' lang='lat' dir='ltr'><strong> </strong></span> 
     </span>
    </p>
   </div>
  </div>
 </body>
</html>
