2650 4242
313 292 512 338 nnrsnnrsrcn
534 294 616 347 erm,
637 292 692 338 sru
716 294 895 343 onronoct-t.
962 308 966 319 ·
1056 280 1115 339 207

91 413 215 472 relatio
241 410 427 493 substantie
452 407 506 469 vel
528 407 749 470 accidentium
774 411 1012 472 absolutorum.
1048 410 1115 473 Sed

91 492 148 553 bic
164 489 414 551 considerantur
428 493 464 549 ut
477 488 645 548 manentia
659 492 731 551 sine
747 491 908 569 subjecte.

137 572 209 632 Haeo
224 570 371 631 doctrina
388 568 429 629 de
445 566 672 629 accidentibus
688 570 857 642 absolutis,
876 568 1116 648 separabilibus

94 656 155 712 ant
168 650 329 726 separatis
343 648 523 726 asubjectc
540 650 745 710 connaturali
759 650 811 710 vel
827 650 867 710 ab
879 652 969 711 omni
982 648 1113 728 subjec-

96 738 140 805 to,
153 731 225 810 jam
239 731 280 791 ab
300 729 475 790 Aristotele
489 728 668 804 proposita,
689 726 751 791 fuit
768 731 954 808 generatim
978 746 998 791 a
1016 730 1112 791 scho-

94 811 220 872 lasticis
235 812 383 886 accepta,
410 807 452 889 ad
475 807 726 884 possibilitatem
756 810 1116 871 transubstantiationis

94 889 350 951 iri'llucharistia
365 886 525 947 tuendam
541 902 559 945 a
573 883 773 962 quibusdam
786 889 1071 951 insectationibus.
1154 893 1157 901 '

137 972 210 1030 llaec
226 967 407 1031 constantia
423 966 642 1027 accidentium
654 968 781 1046 absque
796 969 947 1047 subjecto
959 972 1047 1031 varie
1059 982 1113 1029 ex-

95 1050 212 1127 plicari
230 1053 351 1125 potest.
374 1047 526 1117 Possunt,
552 1044 617 1107 fide
635 1048 742 1117 salva,
774 1050 902 1125 concipi
930 1047 1114 1111 accidentia

97 1133 257 1206 tanquam
271 1127 436 1188 manentia
452 1146 458 1186 :
475 1130 503 1187 l⁰
516 1125 816 1203 secundumipsam
833 1128 1002 1189 entitatem
1014 1142 1116 1206 quam

96 1210 190 1284 prius
199 1208 410 1269 habebantin
420 1205 692 1285 substantia(355)
700 1224 708 1277 ;
722 1208 944 1269 2⁰secundum
952 1212 1115 1269 entitatem

96 1289 282 1362 effectuum,
308 1288 460 1347 nimirum
485 1288 648 1363 quatenus
670 1285 790 1347 eodem
811 1288 911 1348 modo
936 1304 972 1349 se
990 1287 1116 1348 habent

96 1370 143 1428 ad
155 1384 264 1429 sensus
278 1366 330 1444 (l).
349 1369 383 1425 ln
398 1368 503 1443 primo
519 1380 610 1437 casu,
629 1365 793 1438 dicuntur,
812 1367 931 1429 eadem
949 1368 1113 1428 identitate

97 1448 249 1508 absolute
261 1452 295 1507 et
307 1448 487 1505 numerica.
498 1447 541 1506 <nt
556 1445 623 1506 haec
638 1446 733 1518 ratic,
761 1448 788 1508 si
810 1464 878 1508 non
898 1448 1006 1518 unice,
1023 1450 1114 1507 certo

95 1527 199 1606 longe
214 1527 322 1602 aptius
338 1526 490 1603 congruit
505 1541 581 1585 cum
610 1523 758 1586 doctrina
787 1528 945 1590 catholica
971 1525 1013 1587 de
1032 1528 1115 1588 aeci-

98 1606 256 1667 dentibus
274 1606 515 1678 EucharisticiS,
535 1621 605 1682 quae
619 1604 653 1664 in
670 1604 946 1668 declarationibus
965 1605 1116 1667 Ecclesia

99 1686 255 1749 dicuntur
268 1701 410 1745 mettere.
427 1686 462 1744 ln
477 1684 638 1758 secundo,
651 1702 719 1746 non
734 1691 812 1746 sunt
823 1686 940 1749 eadem
952 1686 1014 1747 nisi
1027 1686 1117 1745 iden·

98 1768 189 1827 tdete
203 1767 342 1826 relatum
357 1770 385 1824 et
398 1764 553 1835 sensibili,
572 1764 658 1841 quod
675 1764 849 1841 dupliciter
873 1771 984 1844 potest
997 1763 1114 1826 intelli-

98 1846 157 1925 gi:
186 1846 215 1905 l⁰
242 1842 284 1905 de
305 1842 495 1904 immediato
526 1843 647 1905 effectu
667 1845 701 1905 in
730 1859 860 1918 sensus,
890 1849 995 1907 etesi
1023 1859 1117 1905 error

97 1924 311 2002 philosophiae
333 1922 535 1993 cartesiane;
558 1927 591 1985 2⁰
613 1923 654 1984 de
681 1924 803 1985 effectu
830 1925 864 1983 in
885 1940 1015 1995 sensus,
1044 1938 1113 1983 me·

99 2004 211 2066 diante
227 2006 353 2081 —aliquo
370 2003 492 2064 ellectu
505 2002 682 2082 objectus,
699 2020 761 2065 seu
775 2005 883 2082 aliqua
897 2007 1111 2081 representa-

99 2087 188 2147 tione
204 2080 274 2163 q'uae
295 2085 491 2143 determinat
505 2083 538 2144 in
553 2100 672 2145 sensus
686 2084 786 2145 talem
800 2088 1062 2161 perceptionem,
1080 2084 1114 2143 et

97 2164 151 2225 hic
165 2163 285 2225 modus
299 2180 366 2224 non
381 2162 510 2224 videtur
525 2166 624 2224 etiam
645 2164 774 2225 solvere
798 2164 970 2227 veritatem
994 2166 1112 2226 nostre

99 2244 372 2322 apprehensionis
384 2256 587 2321 persensus

312 2397 338 2447 ts
362 2375 385 2440 r'
463 2373 679 2436 ARTlCULUS
703 2376 738 2434 ll.

298 2519 344 2577 Dc
359 2516 549 2590 quantitate,
567 2515 726 2589 qualitate
739 2520 768 2576 et
781 2516 905 2577 habete.

130 2648 210 2710 Ι357.
226 2648 327 2707 —De
342 2647 538 2724 quantitate,
555 2646 709 2724 qualitate
722 2652 755 2707 et
768 2647 880 2710 habitu
891 2650 988 2711 simul
998 2650 1115 2727 loque-

97 2744 185 2803 mur,
209 2728 285 2805 quia
299 2730 383 2786 inter
397 2725 617 2787 accidentium
630 2724 884 2801 predicamenta
908 2731 1049 2805 primum
1061 2731 1114 2792 lo·

64 2824 68 2839 ³
99 2823 176 2869 curn
192 2807 351 2879 obtinent,
369 2812 401 2865 et
415 2804 601 2884 analogiam
616 2806 741 2867 habent
755 2806 842 2867 inter
857 2824 904 2868 se.
922 2810 986 2869 Hac
1002 2810 1115 2871 ultima

97 2891 227 2949 ratione
241 2887 420 2963 presertim
440 2882 514 2946 fulti
527 2882 675 2945 habitum
689 2900 885 2947 revocamus
904 2888 949 2952 ad
976 2889 1113 2967 qualita-

98 2975 179 3042 tem,
203 2972 360 3069 tqnquam
373 2963 521 3043 speciem
536 2964 579 3070 ad
599 2979 719 3043 genus.

427 3089 480 3153 §L
495 3090 537 3142 De
555 3088 722 3157 quantitate
738 3086 751 3155 (
763 3094 786 3152 ).

138 3194 209 3266 358.
233 3238 271 3246 -
286 3207 447 3274 Quantum
462 3201 580 3269 dicitur
594 3200 685 3279 quod
700 3200 860 3263 divisibile
886 3204 983 3263 estin
1004 3208 1118 3279 partes

96 3282 237 3362 proprie,
255 3274 369 3354 dictas,
387 3299 458 3360 quae
472 3297 594 3358 nempe
622 3286 780 3357 separatae
800 3298 996 3359 permanere
1023 3286 1057 3346 in
1079 3300 1118 3345 se

81 3362 441 3460 ,possurithuantitas
465 3378 545 3440 ergo
571 3358 699 3422 definiri
725 3366 836 3438 potest
852 3380 859 3421 :
876 3364 1029 3425 Accidens
1055 3378 1114 3424 ccc·

118 3495 165 3567 tl)
179 3476 244 3543 Post
255 3460 389 3557 n'tatgri‘an,
404 3490 527 3556 Theolog.
541 3489 722 3554 wirceburg„
738 3490 770 3539 P.
782 3491 907 3550 Perrone,
920 3490 953 3542 P.
985 3491 1117 3556 'longior-

99 3560 296 3739 grkazcwm
304 3633 375 3690 pent.
390 3624 437 3676 lib.
454 3639 492 3675 rv.
508 3638 565 3689 cep.
576 3622 621 3685 65;
636 3639 662 3689 p.
677 3636 717 3685 111,
731 3637 774 3687 qu.
790 3622 821 3674 76
833 3628 884 3674 art.
906 3622 966 3673 lad
980 3624 1004 3687 3,
1020 3638 1062 3689 qu.
1082 3624 1114 3675 ”ll

99 3704 149 3740 ar.
182 3724 188 3738 .
