2650 4242
492 553 612 612 PRIMA
632 551 731 612 PARS

286 800 941 930 PHILOSOPHIAE

478 1220 681 1296 LOGIOA
706 1214 747 1300 (l)

149 1559 196 1620 10.
215 1594 252 1602 —
268 1560 397 1638 Logiea,
416 1576 433 1618 a
449 1576 553 1637 greca
573 1576 654 1620 voce
670 1562 762 1637 1ογος,
778 1557 868 1618 idem
884 1557 962 1618 dicit
976 1574 1014 1618 ac
1027 1559 1124 1619 ratio-

104 1638 188 1699 nalis
205 1639 387 1714 disciplina,
404 1655 466 1700 seu
480 1639 652 1716 disciplina
668 1655 734 1716 qua
749 1639 829 1698 ratio
852 1637 982 1698 ducitur
1002 1638 1045 1698 ad
1064 1653 1120 1699 ve-

104 1735 179 1778 rurn
205 1718 461 1795 assequendum.
484 1720 640 1779 Versatur
669 1733 749 1796 ergo
773 1720 856 1777 circa
881 1717 1031 1779 ordinem
1056 1734 1122 1794 quo

104 1800 223 1859 instrui
239 1798 363 1859 debent
378 1802 587 1874 operationes
601 1801 736 1859 rationis
751 1802 788 1858 ut
802 1798 869 1856 haec
884 1795 1022 1858 facultas
1032 1802 1123 1857 recte

108 1883 142 1937 et
170 1881 239 1940 tuto
267 1878 422 1939 devenire
447 1879 555 1940 valeat
580 1879 621 1940 ad
646 1895 742 1938 suurn
765 1876 876 1945 finem,
903 1878 1057 1937 videlicet
1081 1875 1123 1936 ad

106 1973 241 2030 verum3
258 1961 370 2035 itaque
385 1958 437 2018 hic
452 1957 532 2019 ordo
549 1957 757 2019 adlribitusin
769 1957 1016 2031 operationibus
1028 1956 1124 2016 ratio-

106 2039 158 2098 nis
174 2037 293 2098 intuitu
304 2038 450 2098 veritatis
461 2039 681 2115 assequendae
696 2042 747 2097 est
759 2037 931 2114 praesentis
943 2037 1123 2111 disciplinae

108 2117 414 2192 objecturn:l1inc,
439 2121 537 2192 prout
562 2119 765 2194 peculiarem
789 2117 931 2193 aliquam
958 2118 1125 2178 constituit

108 2197 290 2267 scientiam,
309 2195 435 2257 definiri
450 2201 559 2272 polest
577 2217 583 2257 :
601 2198 743 2257 Scieatio
758 2214 824 2271 quo
837 2213 925 2256 rueris
949 2198 983 2256 in
1007 2199 1125 2271 esconi-

107 2277 209 2336 recolo
222 2277 273 2338 oct
286 2279 537 2337 deotortstroodu
551 2280 685 2338 veritate
699 2277 864 2350 diripitur.

148 2355 275 2416 Dicitur
287 2358 421 2416 scientio
435 2360 471 2414 ut
487 2356 707 2434 distinguatur
722 2374 740 2416 a
754 2356 863 2432 logica
878 2370 970 2415 mere
994 2360 1124 2414 natura-

107 2435 129 2494 li
142 2456 148 2496 :
162 2437 253 2496 Ratio
266 2439 353 2497 enim
365 2437 507 2495 humana
518 2443 635 2512 suapte
647 2444 762 2496 natura
774 2452 889 2495 verum
900 2436 1123 2511 prosequitur,

109 2515 201 2592 quod
229 2518 397 2592 proprium
421 2514 493 2592 eJus
518 2517 685 2576 constituit
708 2517 888 2593 ohJectuur.
920 2514 1018 2573 Porro
1043 2515 1124 2573 ratio

109 2596 253 2672 aliquam
264 2614 282 2656 a
293 2600 407 2655 natura
419 2599 573 2670 respectu
582 2596 727 2658 veritatis
740 2595 871 2656 sortitur
881 2591 1123 2659 rectitudinem,

109 2691 184 2751 queo
201 2677 264 2738 sibi
279 2675 391 2735 relicta
407 2674 448 2756 ad
465 2676 625 2752 quasdam
641 2675 758 2734 saltem
776 2676 932 2734 veritates
947 2677 1125 2749 exquiren-

110 2753 169 2815 das
184 2760 218 2814 et
234 2753 510 2815 demonstrandas
524 2757 622 2816 valet.
641 2757 716 2814 Haec
731 2753 895 2814 rectitudo
916 2753 1074 2812 naturalis
1094 2757 1128 2813 et

107 2835 232 2903 innata,
250 2850 320 2912 quae
335 2833 556 2896 omnimodam
573 2835 749 2896 antevertit
765 2832 980 2909 disciplinam,
1007 2832 1128 2892 dieitur

106 2916 226 2990 topica
240 2913 402 2974 catenatis
417 2933 427 2973 .·
451 2918 544 2988 ratic,
571 2921 690 2976 natura
714 2919 832 2991 sponte
855 2917 989 2990 agente,
1011 2927 1128 2973 verum

108 2993 305 3070 assequitur.

148 3074 231 3146 illud
244 3088 371 3141 verum,
393 3070 433 3130 ad
454 3073 544 3149 quod
563 3073 694 3136 ordinat
708 3073 826 3150 Logica
845 3071 968 3143 innata,
988 3086 1057 3131 non
1079 3075 1129 3129 est

108 3153 337 3213 tantummodo
353 3167 468 3213 verum
483 3153 674 3214 immediate
697 3159 827 3229 patens
849 3149 910 3211 sed
931 3150 1028 3210 eliam
1048 3149 1128 3210 illud

107 3232 198 3310 quod
214 3234 339 3294 eruitur
354 3247 414 3308 per
430 3229 666 3294 deductionem
685 3249 726 3291 ex
747 3233 808 3292 alio
833 3246 911 3290 vero
937 3229 1128 3291 immediate

105 3317 277 3388 percepto,
297 3309 476 3374 dummodo
493 3314 610 3374 saltem
626 3312 844 3373 deductiones
859 3325 927 3370 non
942 3310 1006 3370 sint
1020 3325 1038 3368 a
1059 3308 1128 3369 lon-

106 3409 149 3471 ge
165 3396 290 3469 petitae.

136 3532 171 3594 (1)
196 3530 263 3582 Vide
286 3519 455 3595 expositiones
475 3505 509 3582 1).
522 3532 627 3582 Thomae
650 3530 677 3580 in
705 3530 797 3580 Libros
824 3525 1030 3579 Perihermenias
1051 3532 1076 3576 et
1099 3525 1126 3574 in

106 3589 377 3705 ὲὲξιέἓῗζὲῐιὲἓίἓέἓω
384 3593 577 3659 analyticorum.
587 3593 858 3658 Haeeoperaoptimom
869 3590 1026 3640 constituunt
1037 3592 1129 3638 tracta·
