2650 4242
466 274 584 318 conica
604 276 677 320 naas
698 280 730 320 11.
1044 265 1100 325 137

351 412 372 462 i.
388 412 531 477 Exponitur
545 411 671 463 dubitatio
684 415 840 466 Cartesiana.

125 536 201 600 228.
227 571 265 582 -
279 538 479 602 Existimavit
493 537 658 602 Cartesius
686 539 729 602 ad
750 539 923 604 aedifioium
945 542 1100 616 scientiae,

78 617 225 681 remotis
247 619 422 694 erroribus,
439 618 659 681 extruendum
679 622 827 700 requiri:
847 625 878 684 1⁰
899 627 936 684 ut
950 624 1056 685 semel
1068 624 1103 684 in

79 700 153 762 vita
178 696 220 759 de
231 700 383 762 omnibus
400 699 604 774 dubitemus;
629 702 676 761 sic
691 705 873 777 poterimus
889 706 999 766 omnia
1022 719 1101 780 praa-

77 779 214 860 judicia
228 779 347 857 quihus
367 779 483 840 imbuti
495 795 609 840 sumus
624 797 757 854 exuere,
775 799 813 844 ac
828 782 967 860 proinde
979 782 1021 844 ad
1032 799 1101 844 cer-

84 859 266 922 titudinem
280 859 539 936 philosophicam
555 860 722 922 devenire.

124 941 160 1001 2⁰
175 939 232 1000 Hic
245 939 339 1000 labor
354 940 532 1001 eversionis
561 938 602 1000 ad
631 956 746 1001 omnes
777 941 982 1019 cognitiones
1004 941 1100 1003 intei-

81 1019 207 1088 lectus‚
242 1019 377 1079 rationis
406 1024 440 1080 et
467 1035 626 1080 sensuum
648 1024 859 1082 externorum
880 1039 916 1083 se
939 1020 1098 1084 extendit.

83 1098 255 1162 Cartesius
278 1098 519 1169 certitudinem,
535 1100 604 1161 sive
626 1100 859 1177 principiorum
873 1118 934 1179 per
954 1118 990 1162 se
1002 1107 1100 1163 noto-

83 1196 173 1252 rum,
191 1181 260 1240 sive
275 1179 420 1255 ipsarum
434 1179 741 1241 mathematicorum
770 1178 1099 1252 demonstrationum,

84 1260 156 1322 sive
173 1259 318 1336 denique
332 1275 442 1319 rerum
456 1261 666 1320 existentium
679 1275 813 1338 prorsus
827 1260 953 1340 rejecit.

125 1340 199 1402 229.
221 1371 255 1382 -
277 1338 387 1399 Semel
400 1343 533 1415 peracta
548 1339 581 1399 in
597 1339 692 1401 nohis
704 1342 766 1401 hac
789 1342 959 1403 eversione
993 1340 1101 1420 cujus·

83 1419 169 1482 libet
183 1421 264 1491 veri,
276 1416 439 1480 Cartesius
458 1422 564 1480 totum
574 1416 745 1482 edificium
755 1421 977 1500 cognitionum
1001 1435 1103 1498 super

84 1497 305 1561 fundamento
323 1500 518 1560 inconcusso
532 1496 730 1560 reedificare
744 1501 822 1561 vuit.

130 1581 161 1641 10
175 1577 225 1638 Ad
237 1579 472 1639 conscientiam
486 1595 522 1640 se
537 1583 745 1652 convertens
761 1579 801 1640 ah
816 1581 886 1657 ipsa
901 1583 1054 1642 monetur
1064 1595 1100 1642 ss

88 1657 254 1731 dubitare,
271 1673 332 1718 seu
354 1657 510 1736 cogitare,
526 1675 564 1718 ac
586 1660 726 1735 proinde
751 1659 908 1727 existere:
932 1660 995 1721 hoc
1019 1677 1098 1721 vero

88 1734 215 1800 factum
230 1737 323 1798 alteri
337 1737 437 1813 priori
447 1739 559 1797 unitur
575 1757 582 1798 ε
598 1739 653 1799 ille
666 1739 753 1800 enim
769 1740 824 1817 qui
840 1742 973 1818 cogitat,
984 1743 1101 1818 nequit

88 1832 158 1888 non
182 1834 267 1879 esse.
285 1817 363 1878 lnde
380 1818 631 1879 celeberrimum
650 1819 786 1880 effatum
801 1819 934 1884 Cartesii
953 1838 960 1879 :
978 1825 1099 1897 cupito,

89 1905 260 1975 capusum.
283 1897 330 1960 En
350 1897 455 1974 prima
470 1899 626 1976 cognitio,
643 1900 833 1961 etomnium
849 1899 1039 1961 certissima.

131 1980 164 2040 2⁰
179 1977 245 2038 Sed
263 1977 330 2038 haec
354 1977 459 2054 prima
479 1978 599 2038 veritas
621 1983 750 2040 constat
774 1977 858 2041 facto
883 1980 1100 2057 cogitationis

90 2072 131 2118 ex
167 2074 233 2136 quo
249 2060 374 2119 eruitur
393 2055 518 2118 factum
533 2059 722 2131 existentiae,
735 2057 825 2137 quod
848 2075 922 2119 cum
936 2060 1039 2135 primo
1054 2059 1099 2119 ita

90 2137 298 2199 connectitur
324 2142 362 2198 ut
380 2153 483 2198 unum
505 2139 576 2199 sine
599 2138 701 2199 altero
731 2139 857 2216 concipi
878 2143 1039 2216 nequeat;
1070 2138 1101 2199 vi

88 2215 189 2290 huius
206 2219 427 2290 connexionis,
440 2217 625 2279 secundum
638 2216 761 2279 factum
777 2217 965 2290 affirmatur,
979 2224 1012 2281 et
1022 2218 1100 2280 inde

89 2295 257 2358 Cartesius
272 2313 433 2359 canonem
447 2303 645 2376 sequentem
660 2297 789 2359 attulit:
817 2299 980 2374 Quidquid
1006 2300 1102 2361 couti-

89 2383 185 2438 nctur
197 2377 232 2437 iu
242 2378 317 2438 idea
331 2377 425 2438 clara
439 2381 468 2437 et
482 2379 632 2438 distincta
645 2393 755 2438 udum
770 2384 825 2439 esi.

129 2457 162 2517 3⁰
183 2458 249 2518 Hoc
263 2456 422 2534 principio
437 2454 542 2518 fretus
557 2457 766 2518 existentiam
781 2460 840 2519 Dei
861 2456 1065 2518 demonstrat
1089 2478 1095 2517 :

90 2534 170 2597 idea
184 2537 273 2597 enim
294 2536 353 2596 Dei
369 2539 463 2597 estin
477 2537 585 2611 nohis,
607 2541 645 2597 ut
667 2541 794 2597 constat
816 2537 1003 2599 testimonio
1020 2553 1097 2597 con-

89 2616 249 2690 scientiae;
263 2620 362 2694 atque
376 2617 409 2677 in
422 2614 498 2677 idea
514 2614 728 2686 entis'infiniti
742 2617 832 2679 notio
850 2618 923 2695 eJ‘us
953 2619 1097 2678 existen-

91 2695 140 2756 aa
155 2696 244 2755 clare
260 2701 293 2756 et
308 2695 460 2758 distincte
482 2696 682 2770 includitur;
700 2712 779 2774 ergo
795 2698 884 2757 Deus
899 2696 1019 2759 existit.

129 2775 162 2834 40
183 2774 248 2837 Sed
266 2777 352 2837 Deus
373 2778 553 2837 trecassdrio
573 2777 752 2851 concipitur
779 2783 814 2837 ut
836 2791 978 2837 ueram...
1004 2776 1102 2853 Atqui

89 2855 251 2916 veracitas
274 2855 381 2919 divina
402 2855 614 2916 veracitatem
634 2861 819 2919 nostrarum
833 2854 1026 2916 facultatum
1035 2857 1094 2917 im-

90 2935 201 3011 plicat,
219 2952 289 3011 quae
304 2940 381 2996 sunt
396 2936 520 2996 donum
530 2940 563 2996 et
574 2935 797 2997 testimonium
808 2935 868 2996 Dei
877 2936 1013 2997 veracis.
1030 2937 1097 2996 Hoc

90 3018 188 3091 pacto
205 3015 435 3077 certitudinem
456 3017 641 3094 generatim
651 3016 883 3076 nanciscimur.

296 3153 328 3201 li.
343 3151 408 3212 Quid
421 3137 635 3202 sentiendum‘est
649 3152 680 3200 de
693 3151 742 3202 hac
755 3151 896 3202 methodoi

90 3279 160 3342 230.
176 3311 215 3326 —-
226 3281 344 3342 Tarsis.
357 3281 536 3342 Methodicc
546 3279 704 3341 dubitatio
714 3296 772 3340 suo
783 3282 913 3341 muneri
922 3283 966 3340 est
975 3280 1097 3355 impar,

264 3368 360 3436 utque
379 3362 413 3420 iu
428 3360 590 3421 circuiunt
609 3361 761 3420 uitiosum
774 3359 935 3437 impingit.

130 3489 297 3552 Probatur
311 3493 341 3552 1²
349 3507 442 3568 pars.
464 3490 628 3552 Dubitatio
645 3489 832 3553 methodica
852 3489 982 3552 invecta
996 3494 1047 3551 est
1061 3488 1104 3550 ad

93 3568 324 3632 certitudinem
337 3569 516 3632 firmiorem
530 3576 563 3632 et
584 3571 716 3633 omnino
732 3567 944 3632 scientificum
969 3569 1103 3630 consta-

92 3648 285 3727 biliendam;
298 3651 389 3730 atqui
399 3651 509 3712 statim
518 3651 595 3712 acin
602 3648 739 3713 dubium
746 3654 881 3714 revocat
888 3649 1100 3711 veracitatem
