2650 4242
467 284 585 329 aaaron
605 284 678 330 raas
700 291 721 331 r.
1061 267 1101 332 ts

123 401 256 478 Triplex
275 406 326 464 est
346 403 516 464 conversio
538 419 546 461 :
570 401 722 478 simplex,
737 419 799 482 per
813 401 978 475 accidens,
996 407 1030 464 et
1043 419 1104 480 per

83 483 410 620 gontrapositionem,
428 497 498 561 quae
514 487 707 543 tamennon
723 487 774 544 est
788 483 955 545 conversio
970 483 1103 562 proprie

107 561 184 623 icta.

126 643 155 703 1⁰
170 641 347 704 Conversio
361 641 501 718 simplem
514 640 668 712 habetur,
685 642 818 720 quando
834 641 869 704 iit
883 644 1021 704 motatio
1036 647 1101 703 ter·

83 723 261 793 minorum,
278 728 406 784 seruata
427 723 540 784 eadem
558 723 738 797 quantitate
754 725 1000 800 propositionis,
1024 723 1103 786 ilinc

83 817 152 861 non
167 803 305 880 contigit
318 802 380 864 nisi
398 803 433 863 in
451 803 732 879 propositionibus
754 817 894 880 quarum
915 802 1104 881 subjectum

83 885 118 940 et
128 881 347 958 praedicatum
361 882 484 943 habent
495 881 646 943 eamdem
661 883 900 957 extensionem,
912 899 951 943 ac
962 880 1102 959 proinde

82 959 117 1039 a)
131 962 165 1022 in
180 962 368 1039 particulari
382 959 582 1035 affirmativa,
600 977 638 1022 ac
653 960 684 1040 b)
698 963 731 1021 in
744 963 922 1026 universali
935 962 1102 1041 negativa.

124 1041 356 1104 econverso
381 1041 499 1104 dicitur
522 1057 585 1118 per
608 1043 769 1114 accidens,
794 1041 926 1122 quando
951 1043 1105 1104 variam

82 1124 250 1196 quantitas
259 1123 503 1198 propositionis,
518 1137 640 1199 nempe
657 1121 790 1200 quando
808 1140 850 1184 ex
869 1122 1046 1183 universali
1066 1121 1104 1184 iit

81 1201 302 1277 particularis
319 1206 353 1263 et
366 1202 520 1276 vicissim,
537 1201 655 1262 saltem
671 1202 699 1262 si
711 1203 839 1264 ratione
861 1204 1007 1264 materia
1033 1200 1104 1264 dari

82 1287 200 1356 posset
219 1282 388 1345 conversio
405 1282 638 1358 propositionis
653 1283 858 1358 particularis
875 1282 909 1343 in
932 1283 1102 1344 universa·

81 1361 162 1421 lem.
188 1362 268 1422 Hinc
283 1364 391 1424 locum
403 1363 505 1423 habet
519 1363 552 1422 in
576 1362 802 1439 propositione
820 1362 997 1425 universali
1016 1362 1103 1425 affir-

83 1446 208 1502 mante.
246 1443 442 1504 liniversalis
478 1457 606 1522 negans
644 1447 752 1518 potest
781 1445 880 1505 etiam
907 1443 968 1505 isto
1003 1443 1104 1505 modo

82 1525 216 1584 nonest
232 1523 391 1596 converti;
408 1539 438 1584 v.
453 1537 502 1601 gr.
517 1541 524 1583 :
542 1522 673 1582 Nullum
690 1540 810 1600 corpus
826 1525 958 1602 cogitat.
974 1523 1105 1601 Aliquid

84 1603 237 1678 cogitans
254 1619 384 1680 corpus.

123 1683 157 1742 3³
185 1679 359 1745 Conversio
384 1698 447 1759 per
469 1683 774 1758 contrapositionem
797 1683 951 1755 habetur,
968 1680 1102 1759 quando

82 1763 217 1837 ntriqne
240 1764 376 1824 terrnino
406 1764 596 1838 transposito
619 1763 804 1837 precipitur
825 1762 996 1839 particula
1023 1777 1102 1835 non,

81 1839 131 1902 ita
155 1846 193 1902 ut
218 1843 349 1904 termini
369 1845 516 1904 conversi
542 1859 583 1902 ex
603 1840 702 1903 finitis
717 1842 750 1902 in
765 1840 908 1904 infinitos
920 1845 1102 1903 mutentur.

82 1921 142 1981 llio
168 1922 288 1983 modus
312 1921 527 1985 convertendi
551 1939 569 1983 a
593 1921 779 1983 Dialecticis
802 1920 863 1983 fuit
883 1921 1102 2002 excogitatus,

83 2000 164 2077 quia
177 2002 268 2062 solus
282 2004 495 2080 propositioni
509 2001 695 2079 particulari
709 2004 844 2082 neganti
858 2006 970 2080 potest
984 2003 1101 2080 aptari.

80 2081 266 2159 Propositio
283 2082 371 2143 enim
384 2083 457 2144 haec
472 2098 538 2143 non
553 2086 663 2159 potest
672 2083 820 2145 converti
834 2103 841 2143 ε
861 2081 1101 2159 alsirnpliciter,

82 2161 164 2238 quia
179 2163 370 2224 attributum
385 2168 436 2224 est
450 2162 648 2234 universale,
666 2162 745 2223 dum
760 2163 949 2241 subjectum
964 2166 1014 2223 est
1028 2180 1102 2240 par·

81 2242 234 2315 tioularc,
250 2243 340 2305 unde
355 2243 445 2304 nulla
460 2242 629 2304 conversio
644 2242 809 2319 possibilis
824 2243 894 2304 sine
918 2242 1101 2304 mutatione

83 2322 288 2400 quantitatis.
306 2321 336 2400 b)
350 2323 420 2384 Non
439 2325 549 2398 potest
569 2323 667 2383 etiarn
693 2323 838 2384 converti
857 2338 919 2398 per
943 2325 1101 2396 accidens,

82 2417 165 2463 nam
179 2403 366 2481 subJ'ectum
380 2402 578 2480 particulare
595 2404 759 2464 transiens
773 2403 806 2463 in
821 2401 1014 2463 attributum
1028 2418 1103 2479 pro·
1124 2427 1128 2431 ’

82 2481 256 2559 positionis
270 2485 423 2563 negantis
437 2480 473 2543 fit
483 2498 616 2560 semper
625 2483 827 2553 universale;
840 2484 940 2562 igitur
950 2481 1103 2544 eamdem

82 2577 155 2623 non
170 2568 317 2625 servaret
332 2565 568 2641 quantitatem:
582 2562 628 2623 Sit
638 2563 673 2623 in
686 2565 874 2642 exemplum
883 2565 946 2626 ista
957 2577 1104 2639 sequens

82 2643 267 2720 propositio
295 2663 301 2705 :
328 2643 454 2720 Aliquis
477 2644 576 2705 homo
602 2659 670 2703 non
696 2649 746 2705 est
764 2643 931 2716 medicus;
947 2643 1103 2704 haecnon

81 2726 199 2800 potest
212 2726 283 2786 sinc
298 2721 502 2784 absurditate
518 2722 666 2785 converti
679 2724 872 2801 simpliciter
887 2743 895 2784 ε

125 2801 249 2880 Aliquis
264 2803 413 2865 medicus
428 2820 495 2865 non
511 2807 562 2864 est
576 2803 692 2875 homo3

126 2881 241 2960 Neque
261 2899 322 2960 per
348 2882 527 2945 accidens:
545 2883 658 2945 Omnis
682 2883 831 2945 medicus
844 2897 913 2944 non
927 2882 1103 2945 esthom0.

84 2961 295 3026 Convertitur
309 2980 389 3042 ergo
404 2981 466 3043 per
481 2963 804 3040 contrapositionem,
820 2967 854 3024 et
867 2963 925 3033 sic,
932 2963 1030 3042 Juxta
1039 2961 1103 3024 for·

82 3059 176 3104 marn
192 3041 409 3118 dialecticam,
426 3044 588 3105 habemus
608 3060 615 3103 :

125 3123 251 3202 Aliquis
267 3140 333 3186 non
347 3123 497 3186 medicus
511 3139 579 3184 non
595 3125 645 3183 est
660 3136 726 3182 non
740 3122 850 3198 homo,
863 3139 925 3184 seu
933 3139 1025 3185 more
1035 3121 1105 3184 vul·

82 3205 158 3281 gari
172 3203 333 3280 loquendi
350 3223 357 3265 :

123 3284 260 3363 Aliquis,
279 3286 415 3362 quinon
431 3287 482 3344 est
496 3281 660 3352 medicus,
678 3287 728 3343 est
742 3281 853 3344 homo.

514 3495 671 3509 ψ
