2650 4242
15 3697 58 3731 ⁸.'..·.
96 3729 100 3734 ,

210 260 267 328 150
510 288 689 332 onnvrlnmn
710 285 911 331 neruosomna

244 431 279 488 2⁰
298 428 466 491 Evidentia
481 431 535 491 vel
557 431 708 492 absoluta
720 436 779 502 est,
797 431 850 491 vel
863 427 1096 510 hypothetica:

220 580 224 586 ,
245 511 367 570 Dicitur
386 510 533 571 absoluta
555 509 688 588 quando
703 526 757 572 res
782 509 876 572 aliter
896 526 932 571 se
953 508 1079 570 habere
1102 509 1220 584 nequit

203 591 238 661 ln
259 591 406 667 qualibet
426 589 622 669 hypothesi:
638 607 669 651 v.
686 607 750 672 gn,
764 594 867 652 totum
883 595 933 651 est
945 589 1054 667 majus
1069 603 1130 648 sua
1144 602 1218 664 par·

203 672 248 729 te.
264 672 319 731 list
339 671 538 746 apparacum
559 669 691 749 quando
708 669 859 731 absolute
873 668 1054 748 loquendo,
1080 684 1135 730 res
1155 668 1215 728 ali-

201 753 253 809 ter
272 766 309 810 se
330 749 453 811 habere
469 754 590 827 potest,
623 767 661 810 ao
683 749 835 826 proinde,
852 749 927 810 data
948 747 1137 828 hypothesi,
1154 748 1214 809 ali·

201 834 253 890 ter
272 845 388 890 revera
403 835 505 900 esset,
520 847 552 892 v.
575 847 639 910 gr,
661 830 716 890 hic
736 835 884 891 mortuus
899 845 965 891 non
979 829 1153 890 reviviscet
1167 830 1215 888 ni-
1314 907 1315 914 ἵ

201 908 229 968 si
250 906 305 970 fiat
326 911 531 972 miraculum.

216 1051 220 1061 ,
242 989 275 1048 3⁰
289 989 399 1051 Potest
421 992 520 1051 etiam
542 986 640 1051 dividi
654 991 688 1049 in
709 989 920 1050 intrinsecam
936 993 969 1049 et
980 989 1213 1049 extrinsecam.

241 1068 366 1128 Dicitur
376 1071 547 1131 intrinseca
562 1069 709 1147 quando,
725 1087 760 1131 re
780 1070 851 1132 sola
871 1072 1031 1145 spectata,
1054 1067 1213 1129 manifes-

199 1152 287 1208 tatur
305 1165 411 1210 nexus
434 1151 640 1211 necessarius
663 1150 721 1227 qui
741 1153 808 1210 slve
831 1150 990 1221 absolute,
1013 1148 1083 1210 sive
1105 1148 1217 1228 hypo-

200 1227 320 1289 thetice
336 1235 463 1292 constat
475 1228 560 1291 inter
574 1228 761 1306 subjectum
773 1233 806 1290 et
819 1227 1046 1306 praedicatum,
1058 1231 1095 1287 ut
1109 1231 1140 1289 in
1151 1229 1215 1287 hac

199 1308 423 1384 propositione
441 1329 448 1369 :
466 1310 579 1371 Omnis
601 1309 738 1370 effectus
752 1310 852 1371 habet
867 1325 1009 1370 oausam.
1036 1311 1107 1385 ipsa
1132 1321 1214 1386 ergo

200 1389 320 1450 veritas
341 1387 546 1450 manifestata
567 1391 671 1455 menti
687 1390 783 1450 estin
805 1406 841 1451 se
858 1389 1005 1450 evidens

241 1468 363 1529 Dicitur
384 1470 575 1542 extrinseco,
591 1468 723 1546 quando
746 1486 812 1530 non
830 1469 942 1546 prodit
964 1485 1005 1528 ex
1019 1467 1092 1545 ipsa
1105 1468 1214 1527 mani-

198 1543 375 1609 festatione
391 1549 522 1627 objecti,
535 1547 596 1609 sed
610 1565 652 1609 ex
664 1548 930 1610 manifestatione
942 1548 1081 1626 alicujus
1093 1549 1216 1606 extrin-

200 1629 270 1699 seci
291 1643 366 1688 curn
380 1631 611 1706 propositionis
624 1629 762 1690 veritate
776 1629 964 1690 necessario
981 1627 1132 1688 connexi.
1142 1628 1217 1688 Evi-

200 1705 285 1767 dens
307 1712 358 1767 est
379 1711 458 1770 ratio
473 1708 643 1784 postulans
664 1723 836 1770 assensum
851 1709 927 1770 huic
946 1708 1092 1779 veritatl;
1116 1712 1147 1766 et
1167 1708 1215 1766 sic
1315 1727 1316 1746 2

198 1786 262 1846 ista
294 1790 425 1858 veritas,
462 1789 494 1848 in
527 1805 564 1849 se
590 1805 657 1849 non
683 1789 829 1859 evidens
852 1787 888 1850 fit
914 1793 1026 1848 tamen
1063 1785 1214 1856 evidens,

198 1863 376 1946 infulgere
392 1868 491 1945 hujus
511 1867 656 1930 rationis.
671 1869 865 1945 Exemplum
885 1869 1047 1930 ilabemus
1061 1870 1095 1928 in
1110 1865 1216 1927 omni·

198 1945 262 2006 bus
271 1946 405 2024 judiciis
420 1963 495 2026 quae
510 1949 544 2008 in
556 1949 749 2010 auctoritate
763 1947 952 2010 fundantur.
968 1949 1149 2010 Auctoritas
1164 1949 1217 2006 est

198 2026 324 2102 aliquid
338 2028 428 2089 hisce
438 2029 628 2089 veritatibus
643 2033 837 2090 extraneum
854 2033 1103 2090 :verumtamen
1119 2039 1216 2086 cons·

198 2107 284 2175 tituit
306 2107 499 2170 evidentiam
520 2108 636 2168 harum
657 2111 841 2179 veritatum,
869 2123 943 2186 quae
959 2110 1090 2184 proprio
1110 2122 1216 2166 sensu

199 2187 357 2325 grgdemes
378 2187 442 2248 dici
476 2193 656 2265 nequeunt,
688 2186 749 2250 sed
770 2189 877 2249 solum
913 2187 1085 2250 evidenter
1105 2187 1216 2249 aredi-

242 2283 288 2326 es.

238 2345 387 2408 Tandem
417 2347 450 2406 4ο
477 2343 630 2408 dividitur
660 2349 770 2418 etiam,
797 2352 833 2408 ut
861 2345 1020 2407 certitudo
1050 2342 1146 2425 (170),
1180 2345 1216 2406 in

198 2426 461 2501 metaptpsteam
479 2428 649 2502 physicam
664 2431 697 2488 et
710 2427 879 2499 moralem,
906 2431 1004 2501 prout
1027 2428 1109 2486 ratio
1135 2440 1214 2502 quae

197 2518 371 2566 assensum
387 2505 474 2584 cogit
489 2523 550 2567 seu
566 2505 730 2568 evidentia
753 2509 880 2568 relucet
900 2508 933 2566 in
961 2505 1140 2568 intrinseca
1164 2506 1214 2566 rei
1316 2511 1317 2544 r

199 2589 395 2646 necessitate
409 2585 463 2648 vel
485 2587 518 2645 in
539 2585 705 2663 principiis
727 2588 872 2666 physicis
892 2600 953 2646 seu
977 2592 1102 2646 naturae
1125 2585 1213 2665 legi-

198 2661 272 2736 huS,
295 2665 349 2726 vel
367 2667 400 2725 in
421 2666 544 2744 regulis
558 2667 743 2744 prudentiae
758 2683 819 2729 seu
832 2664 960 2746 legibus
980 2666 1172 2728 moralibus

356 2786 369 2857 ἓ
387 2789 463 2842 llDo
477 2787 626 2843 evidentia
640 2791 674 2843 ut
689 2792 735 2844 est
744 2789 898 2844 criterium
908 2787 1054 2844 veritatis.

199 2902 271 2964 248.
295 2936 333 2945 -
354 2905 471 2965 Tarsis.
499 2906 679 2974 Eotdeutiu,
700 2913 801 2982 prout
823 2922 844 2965 a
867 2906 959 2966 uobis
977 2907 1042 2981 fuit
1066 2907 1212 2979 delinita,

239 2986 283 3043 est
295 2983 476 3046 universate
491 2991 519 3044 et
538 2984 691 3045 ultimum
710 2987 854 3046 veritatis
872 2986 1052 3046 criterium.

239 3106 414 3167 Probatur.
437 3106 610 3169 criterium
633 3108 788 3180 veritatis,
819 3113 856 3170 ut
888 3112 1015 3170 constat
1045 3125 1088 3170 ex
1116 3109 1212 3172 dictis

200 3184 296 3265 (237),
313 3192 362 3248 est
382 3185 539 3248 indicium
554 3193 610 3250 aut
623 3205 738 3249 norma
753 3206 815 3266 qua
839 3191 1009 3252 veritatem
1031 3204 1049 3248 a
1072 3188 1214 3252 falsitate

200 3265 444 3345 distinguimus,
468 3284 529 3329 seu
551 3271 708 3331 motivum
729 3286 793 3346 quo
820 3268 1016 3330 adducimur
1038 3269 1081 3330 ad
1095 3287 1211 3332 assen-

199 3363 275 3407 sum
291 3350 433 3421 certum;
450 3349 541 3425 atqui
561 3348 633 3409 haee
647 3365 763 3409 norma
785 3354 839 3410 aut
861 3347 942 3410 illud
965 3348 1124 3411 motivum
1146 3367 1215 3412 non

199 3430 312 3503 potest
332 3441 406 3487 esse
421 3427 483 3488 nisi
497 3428 672 3491 evidentia.
696 3430 780 3508 Ergo
804 3429 969 3502 evidentia
983 3434 1033 3490 est
1047 3429 1215 3492 criterium

199 3506 343 3568 veniatis
356 3506 390 3566 in
411 3521 536 3584 genere
550 3510 745 3584 inspectum.
1096 3530 1097 3535 ¹

242 3588 405 3646 Probatur
419 3587 537 3647 minor.
556 3591 584 3648 l⁰
599 3586 766 3648 Certitudo
781 3589 925 3666 gignitur
949 3589 1080 3664 quando
1106 3590 1214 3651 omnis

200 3663 341 3728 formido
365 3664 496 3726 errandi
520 3668 652 3744 penitus
667 3668 812 3728 -exolusa
835 3673 884 3729 est
907 3666 1000 3748 (168).
1023 3671 1124 3748 Atqui
1143 3667 1212 3731 ior-
