2650 4242
501 305 617 349 coaice
638 303 711 350 raras
731 312 751 353 t.
1099 288 1140 350 35

117 421 257 483 tandem
270 439 333 499 per
350 423 604 484 abstractionem
623 423 763 502 aliqu'us
786 427 875 488 notae
896 431 983 488 stans
1002 441 1067 502 per
1090 441 1137 498 se,

117 501 177 564 dat
189 503 300 563 locum
311 504 438 565 notioni
452 504 732 568 transcendentali
750 524 757 565 ε
775 522 840 567 eas.

159 585 235 644 Haec
249 584 396 660 operatio
411 599 473 644 seu
484 584 538 645 hic
553 599 731 660 processus
745 585 867 648 mentis
883 601 949 664 quo
970 599 1031 663 per
1045 599 1135 663 prae·

114 661 276 724 cisionem
296 663 486 726 intellectus
505 665 737 744 relinquuntur
761 666 917 745 quaedam
939 669 1030 728 notae
1054 681 1135 744 spe·

112 744 278 816 cialiores,
296 742 375 804 dum
391 745 463 806 aliae
479 746 585 824 magis
599 746 778 822 generales
799 761 952 808 seorsum
979 745 1135 809 conside·

110 828 239 897 rant-ur,
258 822 377 884 dicitur
388 827 536 900 prealato
559 825 711 887 mentalis
724 827 778 889 vel
793 829 966 889 abstractio
992 825 1133 906 (abstra-

112 901 209 978 here,
225 919 347 983 nempe
362 905 491 964 trahere
504 902 568 983 ab).

480 1062 699 1127 ARTICULUS
720 1065 772 1126 lv.

232 1225 280 1284 De
297 1223 451 1285 dioistoae
466 1225 671 1302 judiciorum
694 1229 722 1284 et
739 1225 1011 1301 propositionum.

167 1374 188 1429 l.
204 1376 246 1429 De
259 1333 453 1430 divisionibus
463 1389 529 1444 quae
543 1372 664 1430 iudiciis
679 1377 708 1429 et
722 1375 977 1446 propositionibus
992 1376 1082 1431 simul

531 1449 714 1516 competunt.

151 1579 203 1641 50.
227 1613 265 1622 -
281 1582 316 1640 ln
333 1578 490 1641 divisione
500 1579 704 1657 Judiciorum
720 1585 753 1641 et
768 1582 1031 1658 propositionum
1050 1595 1130 1644 con-

110 1658 253 1723 siderari
281 1659 402 1722 debent
428 1660 576 1734 materia,
611 1662 680 1722 sive
705 1663 862 1739 proxima,
892 1663 960 1723 sive
989 1666 1130 1737 remota,

108 1739 219 1802 forma
235 1746 266 1801 et
282 1741 447 1815 extensi03
469 1739 559 1802 unde
581 1741 814 1818 quadrifariam
839 1741 1031 1803 dividuntur
1053 1758 1135 1820 pro-

136 1821 306 1882 ositiones.

109 1837 132 1900 p
153 1902 177 1961 l.
193 1903 330 1962 Ratione
349 1901 496 1961 materie
516 1902 690 1974 proximae,
712 1901 892 1977 propositio
918 1900 1073 1962 dividitur
1095 1902 1131 1964 in

108 1983 345 2052 necessariam,
386 1980 618 2056 impossibilem
654 1985 688 2041 et
729 1983 977 2057 coatiaperrtem;
1019 1986 1130 2058 prout,

110 2064 145 2124 l⁰
160 2060 374 2138 predicatum
388 2061 578 2121 necessario
598 2059 742 2120 refertur
756 2061 919 2140 subjecto,
936 2076 997 2123 seu
1018 2077 1079 2138 per
1092 2078 1130 2126 se

107 2145 201 2204 inest
229 2141 406 2219 sth‘ect03
432 2157 464 2202 v.
490 2157 555 2220 gr,
580 2141 715 2217 spiritus
738 2144 790 2201 est
812 2142 1051 2217 imnraterialis3
1077 2144 1132 2203 vel

109 2223 257 2300 2⁰prout
280 2221 369 2283 notio
395 2220 542 2281 attributi
562 2222 696 2280 omnino
712 2225 878 2298 repugnat
904 2222 1030 2283 notioni
1053 2222 1130 2284 sub·

106 2301 192 2382 jecti
209 2322 216 2364 :
232 2318 264 2364 v.
280 2318 331 2381 gr.
350 2301 491 2363 circulus
507 2304 559 2361 est
574 2299 769 2379 quadratum
786 2302 840 2363 vel
853 2301 885 2361 3⁰
898 2306 997 2378 prout
1009 2301 1129 2378 praedi·

110 2385 222 2443 catum
236 2385 346 2458 potest
361 2382 402 2442 ab
419 2378 548 2442 arbitrio
564 2387 621 2442 aut
643 2398 703 2458 pro
728 2382 1047 2443 circumstantiarum
1070 2398 1127 2443 va·

107 2463 227 2523 rietate
242 2462 391 2542 subjecto
408 2461 516 2536 tribul,
533 2462 587 2521 vel
602 2460 642 2522 ab
657 2460 728 2538 ipso
742 2461 918 2522 removeri.

150 2545 201 2603 51.
219 2575 257 2584 -
273 2543 307 2603 ll.
326 2541 462 2603 Ratione
476 2542 623 2602 materie
641 2545 775 2601 remote
798 2539 853 2620 (b),
879 2557 940 2602 seu
968 2542 1128 2604 termino·
1181 2601 1185 2608 .

106 2639 196 2693 rum,
212 2622 391 2699 propositio
409 2619 509 2682 dividi
524 2625 634 2697 potest
646 2621 681 2681 in
691 2620 875 2699 simplicem
889 2637 951 2683 seu
972 2623 1126 2698 catepori·

108 2718 194 2776 aara,
213 2705 247 2762 et
259 2704 292 2762 in
307 2702 533 2778 compositam.
802 2766 807 2775 ,

153 2785 181 2842 1⁰
195 2781 372 2858 Propositio
389 2781 506 2844 dicitur
519 2779 673 2856 simplex,
692 2778 824 2857 quando
839 2783 934 2842 arrico
944 2781 1084 2857 subjecto
1098 2786 1128 2842 ct

107 2862 264 2922 attributo
300 2867 439 2936 coastat;
464 2861 655 2940 subjectum
679 2861 733 2920 vel
745 2859 949 2922 'attributum
975 2859 1127 2938 pluribus

105 2943 257 3004 terminis
273 2942 459 3004 coalescere
473 2944 625 3018 possunt,
642 2939 822 3002 dummodo
847 2941 880 3002 hi
904 2943 1034 3003 termini
1057 2954 1126 3001 non

50 3038 55 3048 ·
107 3022 311 3100 colligentur
326 3037 389 3098 ope
406 3021 545 3100 alicujus
560 3021 748 3099 particulae.

147 3105 181 3165 2⁰
196 3101 377 3178 Propositio
394 3101 512 3164 dicitur
525 3104 714 3177 composita,
738 3098 871 3177 quando
890 3102 1006 3176 ptores
1016 3104 1125 3161 terma·-

103 3200 162 3246 uos
196 3183 351 3244 connectit
386 3198 445 3258 ope
480 3181 622 3258 aiicujus
659 3179 844 3258 particulae,
881 3179 1122 3255 conditionalis,

106 3262 314 3341 copulativae,
344 3260 564 3341 diSJunotivae,
601 3264 679 3336 etc,
712 3264 769 3322 aut
788 3259 942 3336 ptarabas
975 3259 1124 3322 coalescit

102 3342 389 3420 propositionibus.

142 3421 389 3500 Propositiones
416 3419 610 3498 compositae
639 3418 683 3481 ad
707 3417 958 3498 quadruplicem
983 3418 1124 3481 classem

103 3501 251 3564 revocari
262 3503 412 3578 possunt,
421 3516 543 3578 nempe
556 3499 599 3562 ad
610 3499 878 3574 conditionalem,
891 3500 1122 3578 copulativam,

105 3579 337 3662 disjunctivam
358 3585 392 3642 et
406 3581 584 3644 causalem.

135 3713 171 3779 (b)
185 3712 307 3782 opuscul.
321 3713 360 3774 48,
374 3711 407 3766 D.
421 3711 516 3767 Thom.
