2650 4242
457 211 546 253 tnosx
567 208 760 257 SYNOPTlCUS.

475 312 477 318 ’
491 339 688 395 irrisurus
704 343 745 396 in.

192 516 196 522 .
284 448 321 500 De
334 445 425 497 variis
441 445 580 511 taurisci
596 446 685 498 modis
701 448 937 515 syllogismorum.

140 551 258 619 Figurae
289 550 326 604 ad
353 552 504 603 materiam
528 554 663 603 remotam
692 552 856 622 syllogismi
883 554 1029 622 spectant,

104 620 186 677 modi
201 634 273 675 vero
289 620 326 675 ad
339 622 488 673 oratoriam
499 621 670 689 prosimam.
1084 622 1117 679 51

141 693 251 761 Figura
260 707 296 746 ex
306 691 389 746 varia
400 690 489 745 medii
498 704 565 744 cum
575 693 717 747 extremis
732 692 924 763 dispositione
937 694 1030 749 resul-

104 766 159 818 tat.
172 765 305 828 Quatuor
318 763 514 815 numerantur
524 760 636 830 figurae.
1082 766 1117 820 51

142 834 287 903 Demadis,
299 832 404 886 Modus
414 842 459 885 est
469 831 621 901 dispositio
634 832 856 902 praemissarum
867 836 1029 890 secundum
1088 896 1089 899 Ἴ

106 903 280 973 qualitatem
291 904 321 956 et
331 902 526 971 quantitatem
538 906 606 972 apta
621 902 658 957 ad
664 904 909 959 concludendum.
925 908 1029 961 Nume-

104 977 214 1030 rantur
227 975 263 1027 64
277 972 357 1027 modi
372 987 407 1026 ex
423 972 530 1041 quibus
547 973 752 1028 novemdecim
775 978 893 1030 tantum
907 977 1028 1031 conclu-

106 1044 219 1099 sionem
244 1044 463 1113 daropassunt.
480 1043 515 1097 Hi
537 1045 571 1098 19
595 1044 720 1099 modiin
740 1049 867 1116 quatuor
895 1045 1030 1102 diversas

105 1114 216 1184 figuras
230 1114 327 1184 sparsi
336 1116 406 1167 sunt
418 1129 423 1163 :
437 1113 516 1170 modi
529 1115 621 1168 trium
636 1114 807 1171 ultimarum
820 1113 983 1185 figurarum
994 1118 1031 1173 ad

107 1186 211 1241 modos
224 1186 327 1255 primae
342 1184 406 1239 sive
420 1183 532 1239 directe
547 1186 609 1239 sire
624 1185 769 1241 indirecte
783 1186 885 1242 reduci
893 1191 1027 1258 possunt.
1083 1190 1119 1243 52

475 1292 672 1347 ARTICULUS
685 1293 730 1347 IV.

316 1396 353 1449 lla
366 1397 456 1449 variis
469 1397 604 1465 spaciatus
619 1400 881 1464 argumentationis.

140 1498 168 1551 1⁰
184 1499 259 1553 Sunt
272 1498 545 1565 argumentationes
565 1512 630 1568 quae
645 1497 742 1552 tribus
761 1500 878 1553 tantum
894 1502 1031 1555 constant

101 1568 365 1649 propositionibus,
382 1581 508 1637 quarum
521 1569 666 1623 alterutra
686 1568 734 1623 vel
743 1572 869 1639 utraque
878 1570 1032 1640 praemissa

102 1640 583 1775 <3⁰gjepltllastiittauiqbatrrgumentationes
598 1724 662 1778 qum
682 1709 784 1779 plures
799 1711 850 1764 aut
876 1709 1031 1780 pauciores

103 1793 194 1850 quam
209 1783 272 1834 tres
286 1778 505 1850 propositiones
519 1780 637 1833 babent.

367 1887 419 1951 §l
433 1888 474 1940 De
494 1885 666 1960 syllogismo
681 1886 853 1957 composito

138 2003 158 2056 Ι.
175 2004 212 2055 Dc
221 2003 379 2069 syllogismo
390 1998 583 2053 conditionali.
613 2000 808 2069 syllogismus
823 2000 908 2071 cujus
931 2001 1027 2070 map'or

100 2070 345 2142 refertjudioium
353 2071 584 2141 hypotheticum,
596 2068 706 2125 dicitur
720 2070 925 2127 conditionalis
936 2090 944 2142 ;
956 2086 1026 2127 con-

101 2142 196 2199 cludit
211 2142 258 2197 vel
266 2143 351 2211 juxta
365 2142 477 2193 inodatn
489 2145 634 2209 ponentem
648 2141 697 2195 vel
708 2140 795 2211 juxta
808 2143 922 2196 modam
932 2145 1028 2196 tollen·

102 2220 167 2285 tem,
179 2229 216 2268 ex
230 2212 447 2267 combinatione
461 2212 628 2264 conditionis
642 2217 667 2265 et
682 2212 879 2267 conditionali.

136 2285 280 2353 1119111111θ
296 2282 326 2337 Si
340 2281 507 2336 affirmatur
530 2281 658 2337 conditio
673 2282 703 2336 in
732 2283 847 2338 minore
875 2282 1024 2339 conclusio

100 2354 230 2411 affirmat
248 2352 489 2408 conditionatum.
1081 2356 1118 2410 56

260 2427 293 2478 2³
307 2425 348 2478 lix
367 2422 523 2491 negatione
537 2421 730 2478 conditionati
744 2424 775 2479 in
789 2423 907 2498 minori,
930 2424 1028 2495 sequi·

99 2499 152 2552 tur
162 2496 281 2565 negatio
296 2493 489 2548 conditionati
502 2494 532 2547 in
552 2493 752 2548 conclusione.
1080 2496 1117 2549 56

260 2565 292 2619 3a
301 2567 343 2619 Ex
361 2565 518 2632 negatlone
531 2562 734 2635 conditional,
750 2564 792 2619 nil
810 2565 955 2634 sequitur.
1080 2566 1117 2621 56

261 2637 292 2690 4³
306 2637 347 2689 lix
362 2634 558 2688 affirmatione
571 2634 775 2705 conditionem,
791 2635 834 2689 nil
853 2636 996 2705 sequitur.
1080 2636 1117 2690 56

136 2708 167 2762 ll.
183 2709 220 2761 lle
246 2707 405 2774 syllogismo
429 2705 605 2772 disjunctim.
635 2705 830 2775 Syllogismus
860 2708 945 2777 cujus
968 2719 1028 2760 una

97 2777 251 2849 praemissa
264 2778 311 2831 est
322 2774 510 2845 disjunctiva,
526 2772 849 2847 diciturdisjunctivus,
868 2778 899 2831 et
912 2776 1029 2833 conclu·

99 2846 144 2903 dit
158 2850 221 2903 sive
236 2847 355 2901 tollendo
365 2861 470 2913 ponens
482 2846 546 2899 sive
555 2848 683 2914 ponendo
698 2850 795 2901 tollens
1081 2847 1117 2902 57

134 2921 237 2987 Reputo
253 2918 281 2973 1³
297 2917 327 2972 Si
341 2916 438 2971 minor
452 2914 581 2971 affirmat
594 2931 687 2971 unum
715 2916 891 2987 membrum,
921 2918 1029 2971 caetera

98 2987 305 3115 dlisjunctionis
316 2987 449 3042 membra
463 2990 615 3055 copulative
629 2990 747 3058 sumpta
759 2988 944 3057 neganturin
954 3002 1025 3042 con·
1080 3057 1117 3113 57

97 3073 239 3115 custone.

273 3131 306 3183 2ἃ
320 3128 351 3183 Si
363 3128 461 3181 minor
474 3130 564 3196 negat
579 3142 670 3183 unum
684 3126 851 3183 membrum
861 3126 1030 3197 disiunctio

97 3199 154 3264 nis,
175 3201 284 3254 caetera
308 3198 487 3268 disjunctive
502 3196 690 3253 affirmantur
705 3199 736 3253 in
746 3197 944 3253 conclusione.
1080 3198 1116 3255 57

132 3272 174 3326 lll.
191 3272 229 3325 lla
238 3272 396 3337 syllogismo
405 3270 588 3335 cataclistica,
600 3270 686 3339 cujus
696 3267 894 3324 antecendens
904 3271 950 3323 est
960 3282 1028 3339 pro-

95 3342 232 3413 poposito
246 3339 446 3409 conjunctiva.
1079 3338 1116 3395 57

130 3414 235 3480 Reputo
251 3411 280 3465 p
299 3412 341 3466 lix
353 3409 502 3480 positione
525 3410 613 3465 unius
626 3410 732 3482 partis,
752 3408 882 3464 infertur
895 3406 1025 3465 exclusio

96 3482 228 3542 alterius.
1078 3477 1117 3536 57
1211 3503 1213 3506 v

273 3555 305 3608 2ὃ
320 3550 348 3606 si
368 3548 577 3606 excluderetur
591 3564 730 3621 unapars
743 3549 775 3605 in
789 3549 914 3617 minore,
930 3531 1025 3605 alter'a
