2650 4242
188 205 226 266 33
307 201 310 207 ’
457 195 458 202 ¹
493 225 673 269 3333333333
692 227 899 273 3333333333

175 373 177 380 s
228 339 372 400 Termini
388 356 466 419 ergo
484 357 687 414 communes,
714 350 781 404 non
805 361 902 407 secus
921 361 959 406 33
985 346 1082 418 ideae,
1106 347 1211 408 simul

191 420 313 481 liabent
328 420 504 497 quamdam
518 423 849 498 comprehensionem
860 433 892 486 et
905 427 1080 504 quamdam
1091 433 1211 488 exten·

190 503 318 562 sionem
337 500 546 578 :significant
569 503 657 562 enim
681 505 868 567 immediate
891 511 987 566 nolas
1011 522 1211 568 communes

191 580 311 658 quibus
337 584 463 641 constat
485 597 595 642 rerum
610 586 739 654 natura,
767 587 954 646 3333333333
980 587 1212 649 extenduntur

189 659 233 721 ad
247 659 414 721 individua
429 661 462 721 in
473 662 591 739 quihus
602 663 771 738 reperiunt
772 681 813 724 ur
760 665 954 725 illae
897 682 938 725 no
943 671 985 725 tae
999 683 1209 728 communes.

189 742 261 802 3333
276 756 353 800 3333
375 741 487 801 relatio
504 742 576 801 haec
593 745 722 804 termini
747 747 930 806 communis
945 745 987 806 ad
1002 763 1054 806 res
1079 745 1213 827 signifi-

190 823 281 881 catas
305 819 491 881 diciturt
436 827 491 881 333
494 823 578 882 33333
602 820 676 900 (21).
702 822 799 884 Porro
826 825 974 885 extensio
998 826 1071 886 haec
1094 831 1215 904 potest

191 915 268 962 esse
284 901 391 979 major
403 902 457 963 333
471 902 587 962 minor.

231 979 421 1057 3303333333
446 981 605 1042 terminus
631 984 816 1044 communis
841 983 959 1045 dicitur
984 982 1038 1044 de
1052 985 1214 1046 omnibus

190 1059 492 1138 individuisquihus
503 1061 772 1139 estapplicahilis,
779 1068 950 1140 3333333333
951 1067 1212 1126 333333333333323

228 1138 263 1278 ht)
292 1140 325 1202 Si
348 1141 389 1202 de
413 1140 610 1218 quibusdam
633 1145 758 1202 tantum
776 1145 1016 1205 indeterminat'
996 1147 1054 1205 tim
1077 1144 1213 1217 dicitur,

191 1219 255 1282 erit
263 1228 344 1296 3333
334 1222 494 1282 333333333.

232 1297 307 1378 cist
323 1299 365 1361 de
379 1299 547 1361 individuo
564 1300 674 1377 aliquo
695 1302 852 1380 singulari
879 1302 1076 1367 determinat
1066 1308 1097 1366 to
1115 1299 1212 1365 dice-

191 1383 324 1454 retur.t
327 1381 470 1442 erminus
484 1383 555 1457 3333
571 1381 795 1457 appellaretur
808 1385 995 1457 stipularis.

232 1461 264 1520 2⁰
278 1463 460 1532 Terminus
483 1462 603 1521 iterum
618 1461 745 1522 ratione
761 1463 973 1531 extensionis,
996 1461 1149 1524 dividitur
1178 1461 1217 1522 in

192 1539 455 1602 3333333333
422 1545 455 1601 33
480 1542 731 1613 distributivum,
754 1548 852 1618 prout
840 1541 915 1604 lde
940 1543 1089 1635 pluribus
1112 1542 1219 1607 simul

192 1625 309 1695 accept
312 1623 349 1689 33,
300 1621 418 1680 3333
432 1621 571 1682 seorsim
586 1621 725 1698 sumptis
741 1621 914 1696 dicitur3t
903 1623 1058 1684 termini:
1081 1625 1214 1682 3333333-

189 1707 252 1768 333,
267 1702 417 1776 3333333,
435 1701 491 1779 qui
515 1701 721 1778 33333333333
745 1707 882 1780 accepta
907 1702 1104 1782 significant,
1131 1705 1217 1762 sunt

191 1781 508 1842 terminicolleotivi.
526 1781 694 1842 Termini:
711 1781 815 1853 333333,
831 1786 908 1854 3333,
934 1789 1013 1852 333,
1039 1787 1117 1842 sunt
1142 1787 1213 1842 ter-

189 1859 271 1920 mini
286 1859 493 1933 distributim,
510 1862 587 1954 quia
601 1859 696 1938 plura
710 1868 847 1925 seorsim
865 1868 997 1955 sumpta
1021 1876 1217 1940 repraesen-

192 1945 273 2000 3333.
290 1941 356 2003 Sed
369 1940 462 2002 idem
484 1941 654 2007 terminus,
682 1946 792 2018 potest
816 1944 901 2002 sumi
927 1942 993 2004 dist
981 1944 1134 2005 3333333333
1156 1941 1217 2002 333

192 2020 387 2082 collective:
413 2039 443 2082 3.
471 2037 518 2100 g„
544 2020 700 2099 3333333333.)
724 2021 830 2082 omnis
857 2021 959 2082 homo
978 2027 1030 2082 est
1049 2022 1214 2094 mortalis

192 2099 349 2179 (collect.)
368 2118 484 2164 omnes
498 2101 649 2161 homines
665 2101 720 2178 qui
736 2106 813 2161 3333
827 2103 861 2163 33
878 2101 986 2162 terris

233 2181 281 2241 30.
296 2215 333 2224 -
348 2183 446 2242 Proui
462 2181 593 2242 termini
608 2182 822 2251 universales,
838 2183 1055 2257 particulares
1070 2184 1105 2240 33
1119 2195 1218 2241 com-

190 2275 310 2321 munes
328 2259 499 2322 dialectice
516 2261 781 2332 considerantur,
797 2260 1220 2334 determinaridebentper

193 2339 1218 2420 appositionemvelremotionemalicujusparticulaeautsigni

192 2422 432 2497 aequivalentis.
455 2422 555 2480 Prout
568 2438 632 2481 3333
646 2423 814 2498 generalis
834 2422 1012 2482 assumitur
1027 2424 1097 2482 sine
1112 2424 1215 2496 33333-

195 2501 267 2562 3333
291 2507 359 2562 3333
349 2502 485 2572 3,3333333
502 2507 558 2562 333
581 2501 764 2570 extensius,
792 2499 910 2562 dicitur
927 2518 1033 2562 sensu
1056 2498 1215 2576 specifico

193 2581 351 2642 terminus
376 2584 570 2648 communis
594 2600 624 2643 v.
647 2597 710 2659 gr.
734 2582 845 2652 homo,
879 2581 987 2642 arbor.
1013 2581 1113 2642 Protu
1102 2585 1217 2640 tvox

194 2663 371 2740 generalis
396 2677 460 2737 ope
482 2662 621 2740 alicuius
655 2661 825 2753 particulae
862 2665 918 2721 aut
943 2662 1029 2739 signi
1065 2663 1217 2737 333333-

193 2742 303 2808 lentis
321 2739 511 2802 extenditur
525 2741 567 2802 ad
583 2742 694 2802 omnia
708 2740 879 2801 individua
901 2742 1023 2818 quibus
1039 2747 1088 2800 est
1109 2739 1216 2816 33313·

196 2821 321 2892 cubilis,
338 2821 415 2881 dicit
405 2826 456 2880 tur
471 2825 629 2882 termmus
640 2821 847 2887 universalis
860 2837 891 2881 3.
905 2838 971 2898 gu,
983 2836 1090 2881 ›mms
1101 2819 1215 2886 homo

197 2902 302 2962 omnis
318 2903 425 2962 arbor.
452 2903 644 2973 (3333333333,
655 2902 750 2979 juxta
765 2901 829 2959 vim
842 2901 945 2962 vocis,
962 2899 1051 2960 idem
1067 2903 1163 2959 sonat
1177 2913 1219 2957 33

193 2997 295 3041 33333
319 2999 429 3042 uersus
444 2981 526 3051 3333,
550 2982 594 3042 ad
610 2981 749 3058 proinde
776 2985 827 3041 est
852 2978 978 3057 aliquid
998 2993 1103 3040 uuum
1120 2978 1217 3038 habi-

196 3059 345 3121 tudinem
361 3077 422 3121 seu
436 3061 587 3122 ordinem
612 3061 741 3122 habens
757 3059 797 3120 ad
813 3059 1071 3124 multitudinem.
1096 3061 1143 3120 uti
1157 3074 1218 3117 33-

196 3142 265 3209 3333
288 3141 342 3216 qui
371 3145 421 3200 est
446 3146 626 3218 conceptus
652 3157 716 3218 333
718 3141 855 3202 trahitis
880 3140 1035 3202 omnibus
1074 3152 1217 3214 prorsus

197 3221 381 3282 arboribus

238 3301 337 3363 Proui
351 3317 425 3369 vox,
442 3304 559 3377 suapte
574 3305 690 3361 natura
704 3300 881 3378 generalis
894 3298 1032 3358 sumitur
1043 3299 1135 3371 uxta
1145 3312 1219 3372 par-

198 3385 267 3442 tem
289 3386 415 3442 tautum
436 3395 506 3442 3333
522 3381 735 3451 extensionis
760 3397 820 3456 333
841 3379 1096 3470 applicationem
1112 3377 1215 3454 parti-

198 3453 279 3523 culae
300 3462 503 3530 restrictivae,
528 3459 646 3520 dicitur
668 3462 827 3520 terminus
841 3457 1075 3537 particularis
1097 3473 1128 3517 3.
1151 3472 1217 3534 gr„

200 3543 318 3620 aliquis
332 3543 438 3617 33333,
457 3543 606 3617 quadum
628 3540 740 3600 33333.
