2650 4242
417 258 651 326 ,1001011111
673 261 694 303 1.
1038 245 1079 308 63
1121 266 1125 275 ·

62 382 95 438 et
118 375 255 438 tandem
269 379 342 453 ipse
361 378 532 448 terminus,
550 392 611 438 seu
626 377 777 438 scientia.
793 377 969 438 Methodus
992 378 1080 439 enim

60 459 270 536 potissimum
290 457 419 530 dicitur,
444 471 512 516 non
536 462 694 532 respectu
718 457 894 519 veritatum
909 458 1080 520 obviorum

61 553 137 616 quae
166 537 359 598 immediato
387 537 651 598 intuituveluno
668 539 862 616 syllogismo
893 522 1080 614 deprehen·
1130 590 1134 594 ,

63 619 200 692 duntur,
215 618 276 679 sed
292 617 326 678 in
352 616 469 678 ordine
498 617 541 677 ad
568 617 726 678 veritates
752 619 975 680 abstrusiores
1003 632 1079 695 quac

62 701 190 760 seriem
217 697 463 760 ratiociniorum
493 699 716 774 expostulant.
745 698 829 775 Ergo
856 699 1007 758 tractatio
1037 697 1080 760 de
1148 729 1151 733 >

62 775 226 840 methodo
241 779 355 839 ultimo
376 778 452 838 lcco
468 779 560 838 uenit
573 777 609 838 in
619 777 812 850 Dialectica‚
830 777 906 852 quia
914 777 1082 854 simplices

64 859 363 937 apprehensiones,
389 857 517 936 judicia
546 863 579 918 et
607 858 777 920 ratiocinia
800 858 848 916 ita
876 857 1021 934 disponit
1044 860 1082 918 ut

64 943 215 1017 systema
237 937 372 1016 aliquod
394 938 567 999 notionum
581 953 641 999 seu
660 938 834 1000 scientiam
849 938 1051 998 constituant
1071 953 1079 995 t

63 1019 159 1092 Hinc,
173 1023 259 1083 sicut
282 1017 447 1096 simplices
472 1033 575 1080 conoe
581 1027 655 1095 ptus
671 1025 749 1080 sunt
767 1020 935 1079 elementa
950 1016 1080 1096 judicii,

65 1103 98 1160 et
117 1097 245 1177 judicia
270 1101 431 1160 elementa
455 1098 627 1174 ratiocinii,
652 1102 699 1160 ita
723 1099 908 1160 etiamhaec
923 1101 985 1160 tria
1004 1100 1082 1158 sunt

64 1180 233 1242 elementa
247 1177 408 1242 methodi.

101 1260 156 1320 94.
174 1295 212 1305 -
226 1263 297 1322 tam
310 1273 388 1320 vero
404 1257 478 1318 haec
493 1274 545 1318 ars
564 1258 634 1319 sive
662 1257 812 1320 discendi
839 1259 908 1320 sive
938 1254 1083 1319 docendi

62 1338 191 1415 duplici
205 1340 303 1401 modo
319 1353 380 1398 nos
397 1335 519 1399 ducere
535 1342 646 1415 potest
659 1338 703 1398 ad
717 1339 890 1400 veritatem
907 1335 1080 1416 ¹scientifi-

62 1434 150 1482 cam.
666 1475 670 1481 .

103 1501 135 1560 l⁰
150 1502 177 1562 A
193 1499 380 1580 cognitione
396 1495 533 1558 confusa
549 1498 693 1574 uticujtts
711 1499 880 1572 compositi
897 1515 955 1558 seu
987 1496 1084 1557 totius

61 1595 245 1656 possumus
271 1577 428 1656 progredi
457 1576 499 1638 ad
527 1576 720 1639 distinctam
741 1575 814 1654 ejus
840 1579 1083 1639 elementorum

63 1661 307 1738 cognitionem
322 1658 441 1718 ethaeo
455 1658 633 1719 methodus
650 1657 770 1718 dicitur
783 1658 961 1734 analytica.

103 1743 137 1802 2⁰
166 1741 313 1816 incipere
337 1752 513 1816 possumus
539 1755 557 1799 e
578 1741 725 1800 contraa
746 1737 999 1815 simphciorihus
1018 1735 1084 1796 ele-

62 1821 186 1881 mentis
215 1819 353 1900 alicujus
376 1818 509 1896 objecti,
536 1823 570 1879 et
596 1817 761 1898 gradatim
787 1817 922 1897 regredi
946 1814 989 1877 ad
1017 1815 1083 1876 ele-

62 1904 180 1961 menta
193 1901 299 1976 magis
323 1897 513 1974 composita,
533 1915 571 1959 ac
586 1897 718 1960 tandem
733 1898 907 1972 pervenire
926 1895 970 1956 ad
988 1895 1085 1956 totius

63 1981 187 2056 objecti
196 1979 430 2057 cognitionem3
450 1981 482 2037 et
493 1979 566 2039 haec
580 1974 758 2041 methodus
770 1976 1082 2053 diciturspntltett'ce.

64 2060 193 2122 Verum
227 2059 300 2120 finis
337 2073 518 2135 processus
547 2058 615 2120 sive
644 2058 801 2137 analytici
818 2058 887 2120 sire
907 2052 1085 2136 synthetici

63 2143 117 2200 est
137 2138 319 2201 distinctior
333 2139 474 2216 cognitio
489 2153 601 2200 rerum
617 2155 678 2200 seu
692 2139 842 2200 scientia.

103 2221 186 2282 Hinc
208 2219 243 2280 in
266 2219 330 2279 isto
353 2217 460 2295 capite
485 2234 624 2297 agemus
641 2222 671 2279 l⁰
686 2216 728 2280 de
746 2217 884 2298 analysi3
900 2218 932 2278 2⁰
950 2213 993 2276 de
1008 2229 1084 2304 syn3

59 2300 164 2371 thesi,
198 2303 232 2360 et
258 2299 290 2360 3⁰
316 2297 357 2358 de
386 2299 537 2373 scientia,
567 2299 690 2360 relictis
715 2301 812 2362 variis
845 2296 1014 2360 erroribus
1029 2309 1086 2371 qui

61 2382 200 2442 nomine
209 2377 359 2440 methodi
369 2376 587 2457 (Cartesianae,
600 2377 802 2453 idealisticae‚
816 2377 984 2455 empiricae
1007 2370 1086 2451 eto.)

62 2457 348 2530 condecorantur,
388 2474 465 2518 eum
502 2459 582 2519 istos
611 2475 742 2520 errores
762 2459 889 2521 directe
914 2453 1086 2519 confutare

64 2543 230 2682 {alpogteat
253 2555 296 2600 nc
310 2554 332 2599 n
346 2541 459 2598 autem
488 2538 746 2600 occasionaliter
774 2544 809 2602 et
824 2539 990 2619 praetextu
1010 2534 1081 2595 me·

102 2636 122 2679 o
150 2635 172 2680 1.

448 2753 663 2819 ARTICULUS
686 2758 709 2818 l.

479 2885 526 2976 De
541 2915 679 2994 acolyti.

408 3033 556 3158 hnalysis
570 3077 743 3156 descriptio

106 3240 159 3302 95.
175 3271 215 3283 -
228 3238 378 3323 Analpsis
407 3234 468 3315 (ἀνὰ
483 3235 572 3318 λύσις)
589 3255 606 3299 a
621 3239 724 3301 verbo
754 3255 865 3318 graeco
902 3235 1009 3301 ἀναλύω
1037 3257 1088 3302 re·

66 3319 168 3391 solco,
193 3319 290 3398 juxta
316 3322 384 3384 uim
411 3320 512 3391 vocis,
535 3320 766 3382 resolutionem
780 3318 915 3381 indicat.
932 3321 1089 3397 Quoties-

67 3415 215 3477 cumque
241 3415 321 3478 ergo
349 3396 385 3460 fit
405 3400 574 3461 resolutio
593 3399 733 3478 alicujus
760 3403 809 3462 rei
837 3403 1029 3479 compositae
1054 3402 1089 3461 in

67 3481 239 3542 elementa
254 3481 499 3556 componentia,
515 3480 660 3560 analysis
675 3479 828 3542 hahetur.
844 3481 902 3542 1111.
921 3499 928 3540 :
946 3482 979 3542 Si
992 3481 1089 3542 ratio·

69 3559 195 3622 oinium
221 3560 407 3621 solveretur
432 3560 467 3621 in
486 3559 621 3638 judicia,
644 3557 809 3639 judicium
834 3560 870 3622 in
893 3565 1088 3640 conceptus,

70 3639 290 3703 adhiberetur
312 3639 490 3702 methodus
515 3641 690 3722 analytica.
716 3641 749 3703 Si
772 3641 917 3723 analysis
939 3646 1090 3704 versatur
