2650 4242
479 299 597 342 noorcm
617 296 690 343 rans
712 303 730 342 l.
1076 283 1116 344 27

92 415 195 476 sicuti
211 419 261 476 est
276 415 309 476 in
324 430 359 476 se
378 433 385 474 :
402 428 463 475 seu
477 413 664 490 subjectum
681 414 856 475 exhibetur
872 415 934 476 sub
958 417 1116 494 qualitate

94 511 256 572 expressa
276 495 309 556 in
324 494 490 555 attributo.
515 494 560 571 lgi
567 498 618 553 tur
630 491 666 552 fit
681 494 902 571 apprehensio
918 498 1117 558 convenien-

94 577 153 638 tiae
168 577 224 638 vel
237 575 462 650 discrepantiae
477 573 674 652 simplicium
690 579 921 650 conceptuum.

138 657 190 718 35.
208 689 246 699 -
260 654 434 722 ludicium,
453 653 513 714 etsi
525 669 586 729 per
607 669 643 714 se
658 654 701 714 sit
721 660 814 716 actus
829 655 981 731 simpleri,
1006 661 1117 717 tamen

94 737 227 797 ratione
242 737 390 795 materiae
406 737 457 795 est
473 734 703 812 compositum.
730 737 765 795 ln
781 734 908 814 Judioio
932 739 1019 798 enim
1039 752 1116 797 con·

95 814 238 878 siderari
254 815 375 877 debent
402 813 537 876 materia
563 817 597 874 et
619 811 736 875 forma.
767 818 908 876 Materia
931 817 1116 895 generatim

95 901 232 974 sumpta
248 899 298 956 est
319 894 352 956 id
368 893 457 972 quod
480 892 657 954 adhibetur
666 893 714 954 'ad
728 911 799 956 rem
823 895 967 972 aliquam
990 901 1114 957 exstru-

97 974 234 1037 endam.
252 974 376 1037 Dicitur
385 977 554 1050 prosimu,
573 973 707 1052 quando
722 974 912 1036 immediate
927 976 1115 1047 adhibetur,
1200 1018 1205 1026 1

97 1058 182 1132 quin
216 1071 277 1133 per
321 1069 442 1116 novum
483 1058 604 1114 statum
631 1058 792 1126 transeat;
832 1057 970 1118 materia
999 1055 1118 1116 dicitur

94 1139 236 1207 remota,
254 1134 386 1212 quando
403 1133 533 1194 nonnisi
548 1149 608 1208 per
622 1135 767 1212 aliquem
789 1138 911 1195 statum
936 1151 1060 1198 novum
1080 1133 1118 1196 fit

95 1214 222 1277 idonea
242 1216 285 1276 ad
306 1212 444 1275 formam
466 1214 694 1291 recipiendam
712 1235 719 1274 :
734 1232 765 1276 r.
792 1231 856 1292 gn,
882 1215 1021 1292 lapides,
1043 1230 1115 1277 res·

95 1300 202 1371 pectu
217 1294 346 1365 domus,
361 1297 436 1355 sunt
453 1295 590 1354 materia
612 1300 753 1367 remota;
775 1295 861 1355 muri
886 1305 939 1355 ex*
950 1294 1117 1375 lapidibus

95 1373 253 1436 aedificali
267 1379 344 1435 sunt
364 1374 500 1434 materia
515 1373 674 1450 proxima.

136 1454 326 1534 injudicio,
349 1454 484 1514 materia
507 1458 634 1515 remota
656 1458 734 1514 sunt
754 1454 859 1525 ideae;
881 1455 1018 1514 materia
1031 1468 1110 1531 pro·

94 1537 188 1597 xima
203 1538 254 1596 est
278 1534 449 1596 diversitas
476 1534 529 1595 vel
553 1533 711 1596 identitas
733 1534 897 1604 idearum,
924 1539 957 1594 et
982 1533 1118 1594 tandem

95 1616 213 1688 forma
228 1620 278 1678 est
293 1613 462 1676 affirmatio
479 1618 536 1674 aut
550 1613 696 1692 negatio.
717 1612 778 1674 Per
797 1619 908 1675 actum
923 1616 1029 1686 illum,
1050 1629 1116 1692 quo

96 1709 196 1756 mens
210 1695 379 1756 renuntiat
391 1695 475 1755 hano
490 1693 698 1755 identitatem
709 1693 762 1754 vel
771 1693 1006 1766 diversitatem,
1017 1709 1119 1771 quam

95 1772 187 1836 ideae
201 1775 326 1836 hahent
341 1773 525 1835 secundum
540 1790 611 1834 rem
626 1774 853 1853 significatam,
870 1773 1035 1836 inducitur
1047 1771 1117 1834 for-

96 1870 154 1914 ma
188 1854 431 1916 inmateriam.
461 1852 583 1914 Exinde
612 1859 706 1930 patet
732 1854 897 1933 judicium
929 1854 1119 1931 secretaliter

97 1939 269 2011 sumptum
286 1950 360 1995 esse
376 1939 485 1996 actum
511 1934 694 2010 simplicem
718 1950 784 2012 quo
809 1934 1042 2014 conjungimus
1063 1933 1119 1995 vel

99 2013 278 2075 dividimus
294 2012 396 2074 ideas

138 2093 206 2155 Sed
224 2098 274 2155 est
290 2096 510 2170 compositum
526 2092 637 2169 quoad
652 2095 825 2154 materiam
836 2113 843 2166 ;
855 2108 931 2153 nam
945 2095 1118 2154 materiam

91 2173 215 2315 jugioii
231 2175 435 2235 constituunt
448 2175 516 2235 haec
533 2173 592 2233 tria
610 2194 617 2234 ε
636 2173 712 2235 duae
728 2173 814 2235 ideae
831 2190 1012 2253 earumque
1026 2172 1118 2234 hahi-

101 2258 136 2315 tu
164 2269 194 2313 0.

142 2333 194 2394 36.
211 2367 249 2376 -
265 2334 378 2394 Forma
393 2337 459 2393 stat
478 2333 546 2393 sive
565 2332 599 2393 in
625 2331 853 2406 affirmatione,
873 2333 941 2394 sive
960 2333 993 2393 in
1012 2347 1116 2411 nega·

102 2413 213 2484 tione;
244 2411 335 2473 unde
360 2411 536 2492 judicium,
563 2427 632 2488 prae
656 2412 761 2475 forma
784 2417 982 2489 spectatum,
1013 2410 1119 2473 distri·

100 2492 218 2554 buitur
232 2492 266 2552 in
280 2498 464 2568 cepaticum
480 2496 513 2552 et
528 2493 768 2568 affirmativum
779 2494 839 2572 (33,
856 2492 910 2570 3⁰).

406 2646 425 2726 S
447 2649 483 2710 ll.
507 2649 555 2709 De
577 2649 813 2727 propositione.

142 2804 191 2866 37,
211 2837 250 2848 -
266 2804 358 2866 Siout
371 2805 569 2871 vocabulum
581 2811 632 2867 est
645 2808 780 2885 signum
801 2806 900 2879 ideae,
925 2807 970 2866 ita
994 2821 1115 2883 propo-

99 2885 174 2945 sitio
192 2888 245 2944 est
261 2890 397 2946 externa
405 2884 520 2965 judicii
534 2885 773 2953 manifestatio:
787 2903 824 2947 ac
839 2885 979 2963 proinde
993 2885 1118 2947 definiri

100 2967 213 3042 potest
245 2983 252 3025 :
283 2968 389 3027 oratio
424 2981 496 3041 quae
522 2967 651 3042 aliquid
678 2969 717 3026 de
738 2966 849 3042 utiquo
882 2966 1030 3041 affirmat
1062 2969 1119 3028 aut

105 3049 216 3119 nepot.

143 3125 192 3186 38.
211 3157 250 3166 -
264 3124 432 3185 Materiam
448 3125 680 3202 propositionis
695 3124 897 3187 constituunt
905 3124 1032 3186 termini
1048 3141 1120 3186 ora·

101 3205 164 3275 les,
181 3203 428 3275 seuvocabula‚
454 3220 529 3281 quae
555 3207 740 3280 exprimunt
763 3205 934 3266 materiam
958 3209 1119 3266 remotam

96 3283 230 3363 judicii;
247 3281 351 3344 forma
370 3285 604 3361 propositionis
634 3291 685 3346 est
712 3285 850 3346 verbum
879 3284 1120 3346 substantivum

101 3370 157 3436 est,
174 3361 266 3440 quod
283 3364 316 3423 in
331 3363 453 3424 scholis
465 3367 582 3441 copulo
597 3365 781 3443 nuncupari
791 3365 888 3434 solet,
902 3364 977 3443 quia
989 3365 1119 3444 subjec-

100 3450 171 3504 tum
187 3458 264 3503 cum
281 3441 460 3519 praedicato
478 3445 649 3524 conjungit
663 3461 724 3505 seu
736 3445 878 3522 copulat.

141 3523 176 3584 ln
192 3524 431 3599 propositione,
448 3523 482 3584 id
498 3523 539 3586 de
556 3541 619 3603 quo
635 3525 759 3602 aliquid
774 3523 954 3586 affirmatur
978 3526 1034 3584 aut
1056 3539 1115 3584 ne·

99 3606 209 3681 gatur,
226 3601 347 3663 dicitur
360 3603 545 3679 subjectum,
563 3607 638 3683 quia
653 3607 769 3667 subest
783 3604 877 3666 alicui
898 3603 1115 3671 attributioni;

99 3681 241 3761 idquod
270 3680 313 3744 de
342 3683 492 3763 subjecto
522 3683 702 3747 affirmatur
728 3687 786 3746 aut
813 3688 965 3765 negatur,
1000 3682 1119 3745 dieitur
