2650 4242
291 272 490 318 ucriruvsica
512 275 594 331 ann,
616 273 671 319 sca
692 274 872 320 onroiocn.
1035 257 1090 318 173

68 385 319 462 perspicuitatis
334 386 508 450 conferunt
527 389 700 466 conceptui
726 389 925 451 existentiae:
953 390 1091 452 actualis

67 469 123 523 rei
137 469 317 541 presentia
330 468 364 526 in
385 469 497 529 ordine
506 470 637 544 plostra
644 491 655 544 ;
670 470 784 530 attinio
795 471 845 528 rei
863 468 1037 529 actualitas
1057 471 1090 530 in

70 545 164 604 lineo
186 549 282 617 entis·
301 548 338 607 id
351 565 413 624 quo
427 563 480 609 res
493 551 616 611 sistitur
638 555 735 610 eaotro
756 566 891 624 caasas;
917 548 1092 610 actualitas

70 627 228 699 essentia,
254 631 317 686 etc.

113 709 189 764 Vox
214 705 401 779 existentiae,
420 706 513 784 juxta
532 712 666 786 etymon
701 725 708 768 :
731 725 773 768 eac
795 710 914 782 sistere,
931 705 1093 785 significat

73 797 247 864 emersum
267 786 315 846 rei
330 803 371 846 ex
385 785 447 847 alia
462 803 510 853 re,
526 785 637 858 idest,
654 804 695 848 ex
711 804 808 848 causa
823 787 877 848 vel
891 788 1090 864 possibilita-

74 868 127 935 te;
154 864 216 924 sed
231 870 329 940 prout
343 867 562 926 communiter
575 867 723 938 sumitur,
733 868 899 946 ‘abstrahit
912 867 953 928 ab
968 868 1030 927 hac
1045 868 1090 928 si·

72 942 300 1018 gnificatione
316 961 438 1022 nempe
454 962 473 1005 a
488 951 651 1024 conceptu
672 948 880 1008 derivationis
908 963 969 1007 seu
998 963 1086 1008 ema-

73 1025 220 1085 nationis
236 1027 364 1086 exalia.

116 1102 189 1164 287.
216 1104 503 1165 -Controversia
531 1104 592 1165 luit
618 1105 705 1166 inter
733 1105 950 1167 scholasticos
977 1109 1088 1166 utrum

74 1183 253 1243 existentia
266 1185 308 1244 ab
329 1185 472 1245 essentia
488 1187 614 1246 realiter
631 1201 738 1246 necne
760 1185 989 1265 distinguatur.
1021 1184 1088 1246 Sed

71 1262 235 1339 imprimis
243 1263 424 1324 notandum
432 1280 517 1335 esse,
534 1270 658 1326 certum
671 1265 841 1342 esseapud
851 1281 965 1326 omnes
977 1281 1088 1325 essen-

74 1342 155 1401 tiam
168 1345 416 1404 etexistentiam
430 1351 509 1407 entis
523 1347 664 1406 increati
685 1362 751 1405 non
777 1344 942 1424 distingui,
967 1351 1004 1405 ut
1027 1361 1087 1404 suo

71 1423 148 1482 loco
183 1422 413 1504 ostendemus;
437 1425 545 1504 agitur
566 1429 692 1485 tantum
713 1423 754 1486 de
781 1426 922 1486 essentia
944 1429 977 1486 et
1000 1425 1088 1484 axis-

74 1503 179 1562 tentia
202 1503 287 1563 entis
303 1505 414 1564 creati.
547 1559 551 1564 ,
596 1501 600 1509 ’

118 1582 148 1641 l⁰
180 1581 287 1643 Prima
314 1583 490 1654 sententia,
520 1599 589 1660 quae
618 1582 822 1652 existimatur
845 1581 955 1659 opinio
980 1584 1088 1644 sancti

73 1659 206 1722 Thomas
220 1661 263 1741 (l)
278 1666 377 1740 atque
397 1664 584 1740 generatim
608 1669 838 1742 propugnatur
860 1679 878 1722 a
901 1663 1084 1736 ThomistiS,

73 1745 254 1814 prasertim
288 1744 465 1815 veteribus,
502 1741 641 1803 affirmat
669 1743 875 1804 existentiam
913 1758 987 1803 esse
1015 1759 1086 1802 rem

74 1819 255 1895 quamdam
268 1837 329 1883 seu
342 1822 566 1884 modalitatem
587 1822 773 1883 distinctam
797 1823 930 1882 omnino
954 1821 1087 1883 realiter

72 1900 106 1958 in
123 1901 280 1961 creaturis
294 1903 335 1962 ab
353 1905 491 1963 entitate
507 1903 655 1963 essentiae
675 1904 730 1979 (2).
752 1901 817 1962 Sed
843 1901 921 1961 dum
945 1902 1087 1978 probant

73 1981 160 2040 hanc
174 1982 384 2054 sententiam,
401 1982 434 2042 id
455 1983 651 2059 plerumque
674 1982 860 2058 intelligunt
886 1980 927 2042 de
952 1984 1085 2042 essentia

70 2063 253 2134 generatim
280 2067 418 2137 sumpta,
444 2078 511 2122 non
535 2067 646 2122 autem
670 2061 839 2138 speciatim
863 2061 905 2122 de
940 2061 1085 2121 essentia

71 2141 160 2198 reali
172 2141 353 2215 etptysica,
367 2157 405 2200 ac
420 2142 558 2218 proinde
573 2140 721 2219 probatio
739 2147 832 2201 extra
846 2144 967 2200 statum
983 2157 1084 2217 quas-

74 2219 171 2279 tionis
187 2226 354 2299 evagatur.
372 2222 453 2283 Sunt
476 2226 587 2282 tamen
612 2221 747 2298 quidam
770 2221 950 2292 Themista,
972 2234 1084 2280 recen-

72 2302 172 2358 tiores
187 2302 376 2375 praesertim,
393 2302 450 2378 qui
469 2302 681 2377 probationes
693 2300 877 2360 instituunt
902 2298 943 2360 de
968 2298 1081 2360 discri-

71 2377 261 2537 mine(ir}ter
281 2381 458 2441 essentiam
478 2381 602 2442 realem
624 2395 662 2440 ac
686 2381 855 2460 physicam
880 2383 914 2440 et
939 2379 1082 2440 existen-

71 2458 148 2519 tiam
178 2461 219 2518 3.
785 2491 788 2497 ·

109 2536 142 2595 ²2⁰
167 2537 319 2599 Secunda
343 2539 519 2612 sententia,
544 2555 615 2616 quae
640 2540 736 2601 Scato
762 2538 914 2598 tribuitur
937 2541 1036 2615 atque
1065 2554 1085 2598 a

70 2619 237 2678 nonnullis
253 2619 325 2696 eJus
340 2619 456 2680 scholae
469 2625 700 2696 propugnatur
714 2615 768 2698 (l),
784 2617 926 2679 affirmat
941 2621 1081 2680 existen·

70 2696 149 2756 tiam
165 2703 308 2758 creatam
330 2698 445 2759 diiiere
458 2699 648 2775 formaliter
671 2699 712 2759 ab
738 2698 881 2759 essentia
911 2698 1005 2775 cujus
1034 2702 1084 2758 est

69 2791 155 2847 esse,
172 2792 239 2836 non
254 2782 368 2839 autem
383 2794 457 2838 esse
484 2779 655 2838 entitatem
678 2777 809 2838 realiter
833 2776 1019 2838 distinctam
1040 2779 1081 2839 ab

69 2855 209 2917 entitate
226 2859 386 2932 essentia,
403 2856 465 2920 sed
479 2858 639 2918 duntaxat
653 2857 789 2920 modum
805 2858 888 2936 eJus.
911 2859 980 2918 llaec
1005 2873 1080 2918 sen·

98 3035 133 3096 tl)
156 3035 245 3097 Quoad
266 3036 299 3086 Ι).
321 3038 455 3093 Thomam,
472 3052 525 3085 non
538 3039 639 3086 constat
653 3034 724 3084 illum
746 3035 772 3084 in
785 3036 832 3083 hoc
846 3036 972 3084 sententia
995 3033 1080 3097 luisse,

67 3098 169 3160 quaudo
178 3097 265 3161 agitur
279 3100 310 3148 de
321 3098 431 3147 essentia
438 3105 464 3148 et
473 3098 606 3147 existentia
619 3100 647 3146 in
660 3105 732 3156 aetu;
747 3097 797 3146 vid.
814 3096 1078 3162 Hurtad0,Metuphy.

67 3161 132 3224 disp.
146 3160 308 3220 v111§3et4‚
320 3166 346 3210 et
354 3161 497 3224 praesertim
511 3162 540 3209 P.
551 3160 698 3224 Limltourg,
714 3162 746 3208 ole
756 3160 934 3208 distinctione.
945 3165 986 3208 etc
995 3158 1082 3222 Aliqui

67 3223 225 3270 recentiores
237 3222 348 3270 afferunt
357 3223 473 3284 quaedam
486 3224 564 3271 verba
579 3224 606 3272 S.
624 3224 729 3272 Thoniae
744 3226 843 3284 sumpta
857 3235 887 3268 ex
899 3235 954 3286 cup.
967 3221 1034 3290 Sap.
1046 3220 1081 3291 'de

66 3286 136 3332 Ente
149 3294 178 3331 et
198 3285 322 3344 essentia,
336 3290 365 3333 ut
378 3285 513 3333 ostendant
526 3284 596 3333 doct.
609 3284 760 3348 Angelicum
774 3283 869 3331 realem
884 3281 1014 3331 admisisse
1027 3282 1082 3332 dis-

64 3345 230 3405 tinctionem
243 3346 288 3394 sed
303 3346 359 3394 haec
373 3346 450 3395 verba
464 3345 599 3394 manifesto
612 3349 691 3409 agunt
705 3343 736 3394 de
750 3342 840 3393 ordine
855 3342 1028 3408 possibilitatis
1038 3361 1082 3395 seu

65 3407 97 3455 de
112 3406 222 3456 essentia
233 3405 260 3455 in
274 3407 412 3458 abstracto.
427 3407 502 3470 (Vide
517 3408 547 3457 P.
563 3407 709 3471 Iimhourg.
724 3405 742 3454 l.
759 3408 792 3466 c.)

95 3503 129 3569 (2)
143 3502 255 3565 Gaudia,
269 3504 417 3571 Metoplrys.
432 3520 458 3568 q.
473 3507 494 3555 I.
503 3521 537 3564 a„
551 3506 651 3556 Essent.
665 3508 692 3554 et
704 3503 828 3554 Existent.
842 3503 900 3553 thes
913 3503 937 3554 3.

93 3585 129 3649 (3)
141 3581 299 3648 Liberatore,
312 3585 460 3650 Meioplvys.
469 3599 539 3649 aen„
556 3599 590 3645 e,
604 3599 614 3635 1
628 3600 662 3645 a,
675 3581 699 3632 3.

94 3666 128 3732 (l)
140 3664 208 3719 vide
221 3665 337 3719 missen.
351 3667 500 3732 Metopliys.
515 3666 583 3731 disp.
600 3680 628 3717 n.
643 3680 699 3730 cap.
709 3679 739 3717 11.
753 3679 773 3717 s.
788 3665 813 3730 3,
828 3680 853 3730 q.
867 3666 891 3717 2.
