2650 4242
252 268 293 331 92
557 284 747 333 ,1111111101
767 283 969 329 putrescente

253 399 432 477 complete,
447 414 515 459 non
530 415 549 460 a
580 397 651 462 solo
668 399 819 472 termino,
848 397 909 460 sed
931 399 1030 457 ettam
1044 412 1063 457 a
1077 392 1189 455 medio
1204 411 1255 471 per

253 480 345 558 quod
360 479 403 541 ad
416 481 594 539 terminum
610 477 731 551 tendit;
749 480 780 540 2⁰
795 479 961 558 objectum
975 473 1256 554 formalealicujus

252 560 395 623 scientiae
417 563 545 619 constat
571 555 658 618 notis
674 565 707 618 et
725 558 981 635 proprietatibus
997 573 1066 635 quae
1081 557 1115 615 ln
1130 571 1167 616 re
1189 572 1255 632 qua-

253 640 330 702 dam
347 643 591 717 cognoscuntur
605 635 699 717 (141).
716 638 813 700 Porro
836 639 982 708 scientia,
1008 653 1078 713 qua
1100 639 1153 696 est
1174 636 1256 696 intel-

252 720 400 782 lectualis
410 719 667 795 repraesentatio,
680 733 746 778 non
758 722 971 796 representat
981 721 1085 777 totum
1095 716 1256 794 objectum

251 799 433 866 materiale,
450 796 512 859 sed
533 797 656 875 aliquid
677 796 719 857 de
734 798 818 875 ipso,
835 815 897 859 seu
909 797 1142 858 formalitatern
1154 813 1256 873 quam

254 879 340 941 dam.
363 881 448 956 Ergo
463 877 616 949 seientia,
633 876 728 938 sicut
746 879 953 957 cognitiones
980 891 1108 948 omnes,
1133 875 1253 950 specili-

254 965 370 1021 cantur
394 960 435 1019 ab
451 959 582 1037 objecto
607 955 736 1017 formali
759 959 1030 1037 :repraesentatio
1055 955 1257 1033 specificatur

251 1057 312 1118 per
325 1041 361 1100 id
373 1044 497 1098 tactum
513 1035 603 1114 quod
618 1043 837 1112 representat.

294 1119 361 1180 146.
374 1152 413 1162 -
424 1121 498 1178 Cor.
511 1115 805 1178 'lotsuntscientiae
820 1113 1068 1195 distinguendae,
1082 1119 1166 1192 quot
1176 1114 1252 1176 ada·

251 1204 351 1276 quala
366 1197 612 1274 distinguuntur
635 1197 767 1275 objecta
784 1196 944 1263 formalia,
975 1193 1139 1273 quidquid
1159 1196 1200 1254 sit
1219 1193 1254 1256 de

252 1277 389 1340 confusa
418 1275 638 1353 disputatione
652 1277 924 1338 scholasticorum
939 1276 1023 1336 circa
1034 1276 1196 1335 unitatem
1209 1276 1254 1336 vel

250 1358 525 1436 multiplicitatem
540 1358 683 1416 seientiae
700 1356 807 1416 totalis
1064 1417 1071 1435 ,

289 1440 337 1500 De
354 1439 512 1498 divisione
527 1435 616 1496 enim
630 1434 800 1513 adaequata
815 1437 1024 1498 scientiarum
1042 1433 1254 1494 humanarum

250 1518 396 1596 agebant
410 1516 488 1576 olim
514 1516 714 1592 scholastici;
738 1515 799 1576 sed
819 1521 880 1577 sub
901 1516 1036 1577 diversis
1054 1515 1255 1590 respectibus

250 1599 464 1676 quaestionem
479 1594 742 1668 considerabant,
768 1602 801 1657 et
818 1594 894 1656 ideo
911 1596 1045 1658 diversae
1058 1598 1157 1655 terant
1182 1591 1252 1654 divi·

249 1680 371 1739 siones.
388 1678 434 1736 Ex
449 1674 541 1735 dictis
563 1679 692 1735 constat
707 1677 919 1753 questionem
937 1677 1024 1736 illam
1045 1673 1252 1750 repetendam
1300 1683 1301 1718 l

250 1773 324 1818 esse
347 1771 388 1815 ex
410 1756 541 1833 objecto
569 1753 707 1827 formali,
728 1756 772 1816 ita
794 1763 905 1816 tamen
928 1763 964 1815 ut
997 1755 1158 1830 primitiva
1186 1755 1254 1815 divi-

249 1837 297 1898 sio
327 1834 519 1896 immediate
534 1832 653 1895 afficiat
674 1837 795 1906 scitata,
825 1841 858 1896 et
876 1836 1025 1896 membra
1045 1834 1145 1912 hujus
1162 1834 1252 1909 parti·

248 1916 346 1978 tionis
360 1931 428 1976 non
443 1919 675 1976 convertantur
689 1929 751 1975 nec
766 1931 841 1976 sese
856 1913 1035 1976 includant.
1053 1915 1143 1974 Hanc
1164 1929 1254 1992 regu-

248 1996 314 2057 lam
324 1992 414 2056 obliti
429 2000 505 2055 sunt
519 1995 618 2072 aliqui
632 1997 847 2056 recentiores.
961 2033 963 2036 -

519 2109 584 2172 §lt
604 2109 773 2179 Quotuplex
783 2109 822 2164 sit
837 2109 978 2164 scientia?

290 2233 357 2295 147.
371 2267 392 2276 -
425 2233 571 2293 Scientiae
584 2234 771 2311 generatim
787 2233 884 2294 dividi
905 2237 1046 2309 possunt
1076 2237 1106 2295 10
1133 2233 1253 2294 ratione

247 2311 336 2385 finis;
350 2314 382 2372 2⁰
396 2312 521 2375 ratione
538 2314 739 2374 extensionis
751 2314 885 2393 objecti,
898 2317 932 2373 et
946 2315 977 2374 30
991 2315 1118 2374 ratione
1129 2313 1251 2375 relatio·

247 2395 298 2454 nis
314 2392 356 2452 ad
377 2393 527 2452 invicem.
1300 2467 1301 2470 Ἴ

290 2475 320 2533 10
334 2472 475 2550 Scientia
490 2473 628 2546 inspecto
641 2471 705 2546 fine
733 2471 776 2533 ad
795 2487 895 2549 quem
926 2472 1042 2547 tendit,
1059 2472 1213 2534 dividitur
1225 2474 1253 2532 in

248 2550 485 2629 speculativam
507 2558 539 2612 01
547 2552 735 2627 practicam.

289 2632 431 2692 Scientla
453 2630 570 2691 dicitur
583 2632 784 2706 speculativa
800 2630 933 2708 quando
952 2635 981 2693 10
996 2633 1082 2694 circa
1105 2645 1252 2694 remver·

248 2716 340 2771 satur
350 2728 420 2788 quae
431 2727 529 2771 suum
545 2727 618 2772 esse
633 2725 701 2771 non
716 2711 849 2773 habeta
863 2715 991 2784 mente;
1007 2713 1139 2790 quando
1155 2713 1187 2772 2⁰
1200 2726 1251 2787 pro

167 2832 171 2838 -
248 2788 313 2851 fine
328 2791 433 2851 solam
448 2790 760 2867 contemplationem
775 2791 914 2870 alicujus
925 2793 1070 2854 veritatis
1088 2794 1199 2861 habet,
1214 2792 1253 2849 ita

247 2876 285 2932 ut
298 2870 333 2930 in
347 2887 382 2930 se
402 2886 470 2930 non
485 2874 524 2930 sit
540 2871 602 2930 nisi
629 2871 738 2948 imago
761 2887 822 2932 seu
846 2873 1015 2948 expressio
1038 2875 1088 2933 sui
1116 2873 1250 2951 objecti3

247 2967 279 3012 v.
294 2967 357 3028 gn,
373 2949 451 3026 quid
468 2951 632 3024 00111010,
649 2950 730 3027 quid
750 2955 800 3012 est
815 2951 934 3013 horno?

288 3031 411 3091 Dicitur
420 3031 568 3105 practico
589 3029 720 3107 quando
740 3031 768 3090 l0
789 3037 939 3092 versatur
955 3032 1039 3092 circa
1060 3048 1130 3092 rem
1145 3045 1251 3107 opera-

247 3108 360 3183 bilem,
377 3125 448 3185 quaa
459 3109 584 3169 scilicet
594 3112 635 3171 ab
647 3112 718 3186 ipsa
729 3109 920 3188 dependeat
932 3116 1088 3188 tanquam
1098 3111 1138 3172 ab
1152 3125 1252 3171 exem-

247 3189 330 3266 plari
343 3204 455 3261 causa;
471 3189 604 3266 quando
618 3190 650 3250 10
664 3207 723 3266 pro
734 3189 799 3252 fine
809 3192 909 3253 habet
924 3190 1150 3268 operationem
1162 3203 1252 3268 quam

246 3269 362 3329 ultimo
377 3269 521 3344 respicit,
553 3273 587 3329 et
614 3269 656 3329 ad
686 3286 786 3346 quam
809 3271 1015 3350 dirigendam
1035 3269 1135 3334 refert
1157 3274 1252 3348 ipsam

249 3345 558 3426 contemplationem
578 3351 732 3422 veritatis,
749 3353 793 3412 ita
812 3357 848 3412 ut
871 3355 905 3412 in
945 3367 981 3412 se
1004 3367 1069 3413 non
1096 3354 1137 3413 sit
1170 3363 1253 3412 mera

246 3430 369 3506 imago,
408 3426 469 3487 sed
497 3430 595 3488 etiam
618 3434 718 3508 typus
745 3448 805 3491 seu
841 3432 1010 3508 exemplar
1043 3431 1094 3492 sui
1128 3429 1250 3508 obiecti,

246 3523 277 3571 v.
293 3524 357 3588 gr„
375 3507 464 3567 Deus
486 3515 535 3569 cst
547 3508 718 3570 colendus.

286 3587 520 3666 Metaphysica,
535 3587 715 3668 ‘theologia
729 3589 914 3668 dogmatica
928 3593 1005 3650 sunt
1021 3591 1166 3654 scientiae
1186 3603 1250 3666 spe-

247 3667 409 3740 culativae;
426 3667 548 3738 Ethica,
563 3669 621 3728 tus
635 3674 713 3730 sunt
726 3670 873 3731 scientiae
888 3670 1056 3748 praeticae.
