2650 4242
480 235 597 278 coerce
618 233 691 278 ains
713 239 732 278 1.
1073 219 1114 278 117

140 346 237 408 Porro
248 347 281 408 in
294 348 462 410 ratiocinio
478 348 643 411 conclusio
658 337 810 428 pejorem
823 350 972 428 sequitur
985 355 1116 428 partem

100 425 175 504 (73),
193 443 231 487 ac
246 428 384 504 proinde
408 429 619 507 syllogismus
641 435 693 491 est
707 445 882 512 processus
896 431 1112 509 syntheticus.

142 507 210 568 100.
222 540 261 548 -
270 507 610 590 Methodusanalytica
617 513 726 585 potest
735 509 818 570 ideis
829 511 997 588 applicari,
1006 510 1114 570 ethaec

99 585 276 664 applicatio
301 593 430 648 constat
453 589 635 664 delinitione
659 594 692 649 et
714 590 884 657 divisione:
912 606 973 666 per
1001 588 1114 650 defini-

100 665 225 727 tionem
239 667 326 726 enirn
343 674 376 728 et
392 668 585 730 divisionem
599 667 734 745 aliquod
749 673 855 730 totum
868 671 957 730 varie
976 669 1113 730 resolvi·

100 747 154 804 tur
175 749 209 807 in
230 747 393 808 elementa
409 747 528 826 quibus
543 749 709 819 coalescit,
728 752 766 808 ut
789 749 907 810 melius
931 763 1113 829 cognosca-

101 827 165 884 tur.
191 826 302 886 Potest
327 830 426 888 etiam
445 827 579 906 judiciis
609 829 921 905 experimentalibus
945 828 1114 906 applicari,

102 908 181 964 tunc
204 905 300 967 datur
326 907 461 984 quidam
488 924 663 984 processus
687 909 882 986 analyticus,
907 910 963 986 qui
998 908 1118 969 dicitur

100 985 256 1046 Inductio,
283 986 362 1046 Hinc
387 985 555 1065 agendum
570 994 620 1047 est
635 987 677 1048 de
692 988 754 1048 illis
779 989 881 1049 tribus
905 989 1117 1065 processibus

101 1063 288 1125 scientificis
307 1069 426 1127 mentis
446 1081 521 1144 quae
542 1067 668 1148 analysl
682 1072 846 1128 constant.
863 1069 976 1129 Utrum
988 1068 1024 1128 in
1037 1067 1119 1144 ipsis

102 1149 278 1232 concurrat
304 1146 402 1206 eliam
434 1147 612 1225 synthesis,
641 1151 759 1223 postea
786 1147 981 1209 videbimus.

457 1323 476 1386 ἕ
490 1323 509 1376 1.
522 1323 563 1376 De
577 1319 760 1376 definitione.

462 1435 481 1482 1.
497 1413 562 1494 oure
575 1437 615 1482 est
631 1433 762 1482 ‹renmoor

145 1617 213 1677 101.
224 1649 262 1660 -
274 1615 361 1676 ldeae
370 1617 544 1694 aliquando
558 1633 599 1678 ex
610 1619 759 1680 obscuris
772 1620 869 1680 clarae
882 1617 968 1681 effici
980 1620 1117 1690 debent,

102 1699 139 1755 ut
161 1695 201 1756 ad
219 1695 369 1771 ordinem
382 1699 529 1760 scientiae
546 1699 739 1760 evehantur.
760 1699 858 1760 Porro
880 1700 954 1759 idea
982 1697 1121 1761 efficitur

103 1776 203 1848 clara,
221 1776 352 1853 quando
369 1778 409 1836 ab
426 1779 495 1840 aliis
509 1777 593 1840 ideis
614 1777 758 1840 dilucide
782 1778 1005 1856 distinguitur,
1029 1779 1121 1857 quod

101 1853 138 1914 fit
167 1873 229 1932 per
250 1854 489 1938 definitionem;
513 1859 614 1936 igitur
636 1858 779 1932 definitio
805 1863 916 1935 potest
942 1857 1084 1921 describi
1111 1879 1118 1919 :

101 1937 211 1994 oratic
233 1935 398 2010 ercptt'ccns
412 1939 491 2012 quid
502 1940 542 1999 stt
557 1955 610 1998 res
622 1941 661 1998 de
676 1955 743 2013 qna
757 1942 879 2014 opiter,
904 1939 955 1998 oet
970 1941 1049 2014 quid
1058 1956 1122 2015 per
1143 2005 1148 2010 ,

100 2030 214 2074 vocem
228 2017 405 2089 quomdam
418 2017 630 2092 intelligatur.
700 2056 706 2068 .

143 2092 295 2155 Definitio
313 2096 454 2170 explicat
474 2096 542 2156 sive
558 2099 709 2156 naturam
731 2098 791 2170 rei,
820 2097 889 2157 sive
914 2095 1121 2175 significatio-

100 2190 183 2237 nem
198 2174 353 2248 nominis3
371 2173 460 2236 unde
477 2174 600 2252 duplex
616 2175 774 2246 definitio,
801 2177 906 2236 altera
931 2177 1120 2249 nominalis

101 2257 207 2316 altera
221 2254 329 2326 realis,
346 2258 445 2331 prout
459 2272 574 2316 nornen
587 2255 641 2317 vel
655 2272 725 2316 rem
740 2256 893 2331 explicat.

147 2335 214 2395 102.
241 2367 279 2376 -
304 2335 451 2408 Definitio
475 2351 590 2394 coeunt
613 2332 649 2393 fit
676 2338 705 2395 1ο
730 2334 925 2411 explicando
952 2334 1032 2411 quid
1059 2348 1123 2395 vox

102 2411 279 2492 significet,
298 2415 392 2490 juxta
415 2430 524 2488 usum,
551 2420 585 2474 et
603 2415 675 2474 haec
701 2413 846 2475 definitio
872 2417 996 2475 usualis
1015 2414 1124 2489 potior

104 2497 167 2554 est.
183 2494 216 2553 2⁰
230 2493 353 2553 Tamen
368 2492 544 2571 aliquando
562 2491 706 2555 definitio
718 2493 891 2556 nominalis
902 2492 1070 2570 perficitur
1081 2509 1123 2554 ex

105 2577 233 2652 etymo,
250 2570 329 2632 dum
343 2573 432 2632 vocis
448 2571 640 2651 significatio
658 2590 699 2633 ex
715 2576 786 2650 ejus
801 2574 929 2651 origine
954 2589 1121 2650 gramma·

105 2654 173 2714 tica
188 2652 311 2712 eruitur
328 2671 334 2713 :
359 2653 482 2712 Sensus
498 2656 585 2714 enim
601 2652 846 2731 etymologicus
856 2653 1009 2732 indigitat
1021 2668 1121 2714 usua-

104 2733 185 2794 lem.
204 2730 391 2792 Generatim
405 2749 469 2793 vox
484 2733 666 2809 explicatur
675 2749 736 2808 per
747 2749 863 2793 vocem
874 2734 1044 2794 clariorem
1054 2734 1124 2794 sive

106 2812 243 2872 alterius
258 2812 326 2870 sive
342 2810 493 2890 eJ'usdem
508 2811 682 2873 idiomatis.
700 2814 733 2872 3ο
747 2813 895 2872 Tandem
905 2825 1023 2872 sensus
1033 2815 1124 2874 vocis

105 2892 344 2968 interpretatur
362 2893 456 2970 juxta
479 2891 733 2970 intelligentiam
754 2891 920 2968 propriam
944 2893 1123 2968 loquentis,

108 2976 143 3033 et
157 2971 219 3031 hoc
234 2971 277 3032 ad
291 2971 586 3048 aequivocationem
603 2970 828 3049 effugiendam
845 2990 852 3030 :
869 2970 939 3030 istae
961 2969 1123 3033 definitio·

106 3066 170 3111 nes
198 3050 352 3111 dicuntur
380 3051 570 3113 arbitrariae.
604 3053 839 3112 Verumtamen
875 3050 966 3110 vitari
997 3050 1127 3111 'debent

108 3129 273 3210 ejusmodi
289 3126 508 3204 definitiones,
521 3130 654 3210 quando
667 3130 775 3208 agitur
787 3129 829 3189 de
839 3129 975 3190 vocibus
985 3145 1127 3208 quarum

107 3207 303 3290 significatio
320 3215 371 3270 est
385 3209 471 3270 clara
486 3213 519 3270 et
535 3211 687 3272 omnibus
703 3209 831 3269 eadem.
1119 3259 1124 3267 .

153 3290 219 3350 103.
236 3322 274 3332 -
289 3289 440 3350 Definitio
451 3290 548 3352 realis
560 3305 598 3350 ea
610 3294 661 3351 est
671 3303 746 3366 quae
758 3289 809 3348 rei
820 3292 972 3349 naturam
983 3287 1127 3364 explicat

107 3379 171 3445 per
187 3369 468 3430 enumerationem
490 3373 643 3430 notarum
658 3383 734 3447 quae
748 3383 846 3445 pares
861 3367 926 3429 sint
941 3367 1070 3429 adrem
1085 3367 1126 3427 ab

109 3448 183 3510 aliis
198 3446 452 3510 secernendum.

152 3526 304 3588 Definitio
319 3529 417 3589 realis
431 3530 481 3589 est
496 3525 625 3606 triplex,
641 3525 766 3588 scilicet
779 3525 966 3599 essentialis,
981 3526 1126 3600 descrip-

111 3607 181 3668 tico
196 3610 230 3668 et
240 3611 393 3684 qeoettca.
