2650 4242
242 223 299 284 142
543 241 727 285 naeviamuu
747 239 949 285 retrusorum

239 357 328 415 enim
341 355 375 415 in
388 353 464 416 idea
479 357 574 429 entis
605 371 704 433 quam
732 355 915 417 intellectus
943 356 1088 415 omnium
1109 355 1246 430 primam

237 432 368 508 format,
385 441 417 494 et
425 450 466 494 ex
476 436 710 498 eaimmediute
718 435 910 514 intelligitur
922 455 929 495 :
940 432 1031 495 unde
1044 435 1245 511 estprimum,
1296 425 1297 442 ¹

239 516 316 608 quia
334 514 423 607 prius
446 521 574 588 notum,
594 523 627 577 et
647 517 734 593 quia,
751 515 822 593 ipso
850 515 994 593 dempto,
1017 511 1146 576 nullum
1171 523 1249 578 esset

237 607 447 672 principium.

279 674 310 734 3⁰
327 675 469 735 condato
478 678 604 749 primu,
620 687 742 751 nempe
757 674 893 735 rationis
910 670 1057 750 aptitudo
1078 670 1122 732 ad
1137 676 1247 736 verita-
1297 739 1298 754 ζ

240 757 306 814 tem
317 753 570 831 assequendam.
1297 771 1298 774 ¹

261 833 365 911 ¹Sane
391 831 520 892 admitti
547 831 648 893 debet
666 834 695 892 1ο
709 831 922 908 philosophus
942 834 1123 909 antequam
1153 829 1250 894 discat

239 911 494 989 philosophiam,
513 928 571 973 seu
585 927 680 972 mens
702 910 957 990 apprehendens
986 910 1087 972 dehet
1113 913 1195 972 scire
1218 928 1249 972 se

241 1007 316 1053 esse
343 1007 412 1070 qnae
439 991 671 1069 apprehendit3
702 992 733 1052 2⁰
760 991 954 1069 principium
970 989 1250 1052 demonstrationis
1298 1053 1299 1066 ἶ

239 1075 316 1132 ante
336 1073 516 1149 quamlibet
540 1070 866 1143 demonstrationem,
881 1085 1001 1147 nempe
1025 1071 1250 1148 veritatisque
1298 1067 1299 1092 ³

141 1168 143 1173 ·
240 1151 509 1227 apprehenditur,
525 1168 592 1212 non
604 1155 715 1228 potest
727 1167 793 1212 non
809 1167 893 1223 esse,
908 1149 984 1210 dum
996 1154 1059 1222 est;
1078 1151 1110 1210 3⁰
1121 1151 1251 1232 possibi-

239 1230 311 1291 litas
326 1231 467 1291 scientia
489 1234 566 1291 ante
592 1229 774 1305 scientiam,
814 1246 873 1290 seu
907 1229 1116 1306 possibilitats
1154 1246 1251 1291 nexus

241 1311 471 1387 cognoscentis
487 1317 519 1372 et
530 1311 650 1389 cogniti
668 1315 742 1372 ante
769 1325 1010 1387 quamcumque
1022 1309 1250 1388 cognitionem.

279 1393 399 1450 Verum
414 1397 449 1450 ut
464 1391 527 1452 hoc
542 1389 722 1451 distinctius
750 1393 960 1467 proponatur,
991 1389 1250 1450 animadverten-

242 1469 321 1530 dum
343 1474 392 1530 est
407 1471 495 1546 quod
510 1469 643 1530 inomni
658 1468 844 1549 cognitione
875 1466 1078 1549 distinguere
1108 1474 1253 1546 oporteat

241 1564 312 1609 rem
323 1550 500 1626 cognitam,
515 1548 702 1628 subjectum
717 1564 922 1628 cognoscens
942 1553 975 1609 et
990 1549 1252 1628 conjunctionem

241 1644 300 1691 seu
328 1645 449 1689 nexum
476 1632 645 1706 utriusque
677 1649 684 1689 ε
713 1644 778 1688 uno
802 1629 889 1689 enim
912 1645 953 1687 ex
976 1629 1037 1689 illis
1069 1627 1251 1700 deficiente,

241 1709 331 1770 nulla
347 1708 479 1769 daretur
494 1710 647 1786 cognitio,
666 1713 698 1768 et
715 1725 780 1769 uno
802 1709 836 1769 in
851 1707 986 1768 dubium
1014 1715 1144 1780 vocatu,
1171 1709 1251 1770 nulia

243 1787 311 1850 dari
325 1792 439 1865 posset
453 1787 611 1849 certitudo
626 1788 822 1848 intellectus.
845 1790 958 1866 ltaque
972 1791 1126 1849 veritates
1140 1791 1251 1850 imme-

243 1868 330 1929 diate
346 1868 517 1929 evidentes
539 1867 655 1945 quibus
675 1869 862 1928 necessario
878 1874 911 1928 et
926 1868 1089 1930 exclusive
1111 1869 1253 1929 innititur

241 1948 304 2008 hoc
320 1949 436 2024 triplex
445 1949 646 2008 elementum
662 1948 865 2026 cognitionis,
884 1953 961 2010 sunt
974 1951 1129 2009 veritates
1143 1949 1251 2028 primi·
1301 2009 1302 2016 χ

243 2028 323 2089 tivae.
340 2029 436 2104 Atqui
452 2029 556 2106 prima
572 2029 691 2089 veritas
706 2028 739 2088 in
761 2027 876 2089 ordine
908 2028 1185 2108 cognoscibilium
1212 2035 1253 2090 est
1301 2037 1302 2040 ’

242 2107 440 2185 principium
467 2106 732 2168 contradictionis
748 2124 821 2168 cum
835 2107 897 2167 hoc
912 2107 1107 2185 principium
1136 2109 1178 2170 sit
1205 2109 1253 2169 lex

241 2186 459 2264 primordialis
475 2191 507 2247 et
520 2185 704 2248 necessaria
725 2189 830 2248 omnis
850 2187 966 2266 judicii
989 2193 1087 2264 atque
1112 2190 1254 2248 omnium

242 2282 367 2340 rerum;
384 2269 488 2343 prima
500 2270 620 2329 veritas
638 2267 672 2327 in
688 2266 803 2327 ordine
818 2267 999 2346 subjectivo
1018 2274 1067 2329 est
1080 2268 1151 2344 ipsa
1177 2271 1253 2328 exis·
1302 2339 1303 2346 χ

244 2346 345 2407 tentia
361 2349 532 2424 cogitantis
550 2366 556 2407 :
573 2363 661 2417 nam,
672 2347 799 2408 sublata
813 2346 874 2408 hac
888 2347 1036 2418 veritate,
1049 2349 1160 2409 nuilus
1173 2355 1254 2409 esset

243 2425 324 2487 ordo
354 2426 569 2506 subjectivus3
592 2427 736 2504 denique
756 2428 827 2487 sine
855 2444 944 2488 nexu
968 2430 1200 2506 cognoscentis
1226 2433 1253 2488 et

244 2507 377 2584 cogniti,
393 2507 482 2567 nulla
497 2511 585 2567 esset
601 2506 754 2584 cognitio,
773 2513 805 2566 et
818 2506 893 2568 ideo
909 2508 1054 2584 aptitudo
1066 2507 1107 2568 ad
1119 2523 1253 2586 cognos-

244 2585 386 2646 cendum
403 2589 582 2662 concipitur
595 2592 630 2646 ut
639 2591 836 2663 praevertens
859 2603 991 2648 omnem
1022 2589 1252 2665 cognitionem.

244 2665 554 2744 igiturprincr'pium
566 2668 723 2740 primum,
738 2667 865 2740 factum
887 2669 1035 2742 primam
1059 2671 1093 2728 et
1121 2668 1253 2729 conditio

238 2745 1251 2823 primosuntveritatesprimitivaequaeincludunturimplicite,

243 2827 277 2884 in
305 2828 395 2885 omni
413 2824 539 2904 judicio
566 2830 654 2887 certo
670 2827 815 2900 rationis⁴
833 2829 989 2903 tanquam
1006 2824 1253 2887 fundamentum

244 2907 352 2965 omnis
367 2904 578 2965 certitudinis.

282 2984 477 3045 136111.-
504 2983 688 3046 Notandum
717 2983 876 3060 estquod
904 2986 1041 3046 conditio
1066 2988 1177 3061 prima
1197 3000 1253 3046 seu

243 3062 388 3138 aptitudo
418 3063 460 3125 ad
487 3062 758 3145 cognoscendum
785 3063 936 3140 exprimit
950 3063 1056 3142 ipsam
1080 3064 1252 3126 essentiam

242 3143 373 3219 mentis,
385 3160 456 3222 qua
467 3159 535 3204 non
552 3148 602 3205 est
615 3144 679 3204 nisi
695 3141 831 3204 facultas
843 3143 1081 3224 cognoscendi3
1100 3160 1142 3203 ex
1155 3145 1252 3204 altera

243 3227 336 3300 parte
351 3222 498 3299 aptitudo
513 3223 574 3285 ista
584 3223 706 3285 mentis
717 3221 794 3283 dicit
806 3223 1120 3303 cognoscibilitatem
1133 3239 1252 3285 rerum.

244 3302 313 3378 Qua
328 3302 370 3363 de
387 3319 494 3374 causa,
512 3320 586 3364 cum
611 3304 661 3364 illa
686 3303 823 3365 veritate
846 3301 1004 3380 primitiva
1019 3307 1052 3364 et
1065 3302 1251 3365 indemons-

242 3382 350 3444 trabili
364 3383 506 3444 nectitur
515 3384 615 3444 altera
627 3383 666 3443 de
678 3384 792 3443 autore
814 3384 967 3458 objectam
994 3384 1157 3458 idearum,
1187 3399 1252 3460 qua

245 3463 357 3540 etipsa
376 3463 492 3541 nequit
506 3477 567 3539 per
579 3479 615 3524 se
632 3461 860 3536 demonstrari;
882 3467 994 3524 tamen
1018 3461 1176 3525 indirecte
1196 3462 1250 3525 de·

243 3547 452 3618 monstratur,
469 3547 601 3605 ostenso
617 3543 741 3604 scilicet
754 3557 843 3603 nexu
857 3541 1000 3604 evidenti
1015 3558 1090 3603 cum
1101 3543 1251 3604 essentia·

244 3623 266 3686 li
291 3623 474 3702 aptitudine
500 3624 619 3685 mentis
639 3622 683 3684 ad
706 3621 973 3702 cognoscendum
998 3641 1006 3682 ι
1037 3622 1147 3686 dicere
1170 3623 1251 3685 enim
