2650 4242
152 258 156 262 ’
220 244 281 306 204
535 261 716 308 aaavmruuu
736 260 939 306 retrusorum

466 442 484 502 ἓ
503 439 546 493 ΙΙΙ.
567 440 608 494 De
627 436 828 494 accidentibus
847 437 1009 509 speciatim.

260 582 331 647 353.
349 582 566 646 -Accidens
589 590 639 646 est
667 585 708 646 ab
737 587 862 656 accido,
892 584 1057 664 quiajam
1078 586 1233 661 'supponit

220 681 303 736 rem,
330 662 383 725 cui
409 664 529 727 accidit
553 666 621 725 sive
647 664 787 726 accedit.
803 665 909 727 Dividi
922 666 1006 726 sciet
1019 666 1053 727 in
1074 664 1231 743 cntoiegi-

221 761 296 806 curn
312 746 496 821 ctlcgicum
513 763 520 804 :
540 744 742 806 l⁰Accidens
753 746 989 824 entciogicum,
1001 750 1038 806 ut
1048 744 1122 823 jam
1142 752 1232 805 antea

220 825 360 887 diximus
375 822 470 903 (338),
488 828 539 883 est
553 842 607 885 ens
622 826 710 901 qued
718 828 753 885 in
768 823 835 885 utto
851 828 1061 900 esttanqeam
1076 825 1110 885 tn
1129 822 1230 899 subje-

219 910 280 977 ctc,
295 920 357 964 seu
370 903 405 966 id
419 902 509 982 qued
522 905 555 964 in
570 921 606 965 re
620 920 698 967 vere
713 906 810 964 inest.
826 904 987 965 Accidens
1003 904 1103 965 estin
1122 902 1233 981 subje-

221 989 284 1055 cte,
297 998 365 1044 nen
381 988 538 1061 tanquam
550 984 622 1063 ejus
633 1000 710 1062 pars
721 980 939 1057 constitutiva,
951 983 1011 1045 sed
1020 982 1173 1062 subjecte
1183 984 1232 1041 ad-

219 1064 328 1135 teret,
344 1067 389 1127 ita
414 1069 450 1124 ut
468 1064 565 1125 abeo
586 1069 777 1141 separatum
791 1064 984 1146 naturaiiter
1008 1065 1154 1124 existere
1179 1078 1232 1123 ne-

219 1149 331 1222 queat.
348 1145 582 1204 Verumtamen
597 1141 752 1205 accidens
766 1147 815 1203 est
829 1160 884 1204 cns
895 1149 927 1205 et
941 1159 1003 1217 res,
1017 1144 1095 1221 quia
1110 1156 1180 1203 non
1190 1146 1236 1201 est

217 1223 367 1296 nihilum,
384 1222 445 1283 sed
459 1222 591 1284 realitas
617 1224 836 1286 determinata
853 1239 923 1300 quac
938 1226 1014 1285 actu
1033 1223 1160 1292 existit;
1179 1220 1234 1281 sed

111 1324 115 1327 ·
219 1307 269 1364 est
288 1318 346 1363 ens
376 1301 465 1379 qued
479 1302 581 1364 habet
596 1318 661 1368 csse
675 1305 708 1364 in
730 1303 805 1373 alie,
829 1319 890 1364 seu
911 1302 1005 1380 cujus
1021 1317 1097 1363 esse
1114 1308 1167 1363 est
1188 1302 1236 1361 in-

217 1398 294 1452 esse,
311 1386 344 1443 et
365 1382 485 1454 exinde
515 1380 669 1445 definitur
682 1399 743 1461 per
756 1381 972 1443 substantiam
989 1401 996 1441 :
1014 1388 1059 1444 est
1073 1398 1128 1442 crac
1146 1381 1233 1443 entis.

218 1468 253 1523 ut
268 1460 347 1522 dixit
359 1462 561 1533 Aristoteles.

256 1540 419 1603 Accidens
438 1542 665 1619 ontulogicum
687 1540 998 1617 diciturptystcum
1028 1538 1166 1619 quande
1188 1540 1233 1600 in-

216 1619 380 1682 trinsecus
408 1618 506 1681 afficit
532 1621 729 1699 subjectum,
748 1636 808 1683 seu
823 1626 871 1682 est
896 1616 1089 1683 naturaliter
1104 1618 1234 1681 ordina·

215 1703 284 1762 tum
314 1698 358 1760 ad
387 1699 596 1762 existendum
620 1700 655 1761 in
678 1700 872 1772 substantia3
889 1701 1002 1777 itaque
1027 1699 1061 1760 in
1083 1698 1235 1777 subjecto

218 1784 270 1841 est
291 1778 456 1859 ‚quidquid
471 1797 538 1841 non
564 1783 614 1841 est
630 1778 672 1840 dc
686 1780 734 1839 rei
750 1782 943 1842 substantia.
961 1778 1087 1840 Dicitur
1096 1781 1235 1840 denomi-

215 1861 307 1921 aetio
329 1862 521 1930 extrinsece,
540 1858 673 1937 quande
687 1860 889 1921 extrinsecus
912 1858 1236 1937 tantumsuhjectum

216 1935 317 2079 {afficit
331 1944 387 1999 aut
402 1937 444 2000 ad
465 1939 547 2000 iilud
573 1936 727 2013 refertur,
754 1958 783 2002 v.
800 1958 834 2019 g.
851 1939 990 2018 qualitas
1006 1940 1174 2007 resultans
1196 1954 1233 1999 ex

229 2035 303 2084 oco,
320 2024 423 2091 veste,
443 2023 506 2091 etc,
1054 2078 1055 2081 ,

254 2100 287 2159 2⁰
299 2097 462 2160 Accidens
478 2100 623 2177 logicum
645 2114 706 2159 seu
721 2098 927 2174 praedicabile
941 2096 1004 2176 (49,
1021 2096 1065 2177 5⁰)
1092 2096 1143 2158 uti
1159 2095 1235 2157 dixi·

213 2191 300 2251 mus,
318 2182 368 2239 est
378 2179 537 2255 quidquid
544 2178 637 2239 saiva
650 2180 703 2238 rei
712 2180 846 2239 essentia
853 2183 957 2253 potest
971 2194 1036 2238 csse
1045 2176 1098 2241 vet
1113 2177 1233 2249 abesse,

213 2272 276 2319 seu
295 2258 329 2318 id
340 2258 431 2335 quod
445 2272 511 2318 nen
528 2262 577 2317 est
593 2258 634 2318 de
651 2258 794 2318 essentia
807 2258 865 2331 rei,
882 2274 945 2317 nec
955 2262 991 2319 ut
1005 2273 1116 2336 genus
1126 2265 1236 2317 necut

214 2337 409 2404 differentia,
440 2354 502 2399 seu
523 2336 769 2414 predicaturut
784 2342 964 2414 conceptus
979 2350 1046 2397 nen
1067 2335 1232 2415 quiddita-

212 2418 309 2479 tirus,
331 2418 469 2493 Quande
495 2418 542 2477 sic
567 2419 754 2495 generatim
778 2417 926 2483 sumitur,
955 2420 994 2477 ut
1022 2432 1235 2493 consequens

132 2517 134 2522 ’
212 2497 391 2559 essentiam
414 2498 483 2557 sive
505 2498 694 2559 necessarie
721 2496 789 2557 sive
817 2498 1058 2571 contingenter,
1093 2494 1233 2558 includit

206 2578 393 2653 proprium.
417 2577 525 2652 Quare
544 2576 639 2637 multi
652 2577 837 2637 scholastici
854 2575 1000 2638 dividunt
1025 2575 1185 2637 accidens
1198 2575 1229 2637 in

207 2656 383 2733 preprium
403 2663 436 2717 et
454 2671 622 2717 commune
644 2654 700 2734 (l),
726 2655 817 2733 quod
836 2661 887 2718 est
902 2659 1052 2733 quintum
1072 2654 1228 2733 praedica-

210 2734 365 2811 bile‚'seu
374 2735 529 2798 accidens
542 2734 683 2797 strictius
693 2739 872 2813 sumptum.
883 2735 1046 2799 Accidens
1058 2750 1231 2797 commune

209 2829 278 2877 non
290 2820 340 2876 est
351 2832 539 2877 connexum
550 2832 623 2876 cum
634 2815 789 2889 essentia,
804 2815 884 2877 dum
895 2816 1049 2877 accidens
1060 2817 1228 2892 proprium

213 2900 264 2957 est
277 2900 390 2956 mutue
403 2910 590 2957 connexum
615 2910 690 2955 cum
706 2897 858 2958 essentia.

252 2974 353 3053 igitur
379 2974 536 3036 accidens
563 2975 709 3053 logicum
738 2974 987 3053 distinguitura
1008 2974 1147 3053 physico
1175 2988 1234 3035 seu

206 3055 499 3130 predicamentum,
521 3058 685 3133 quatenus
710 3052 1036 3133 contradictingditur
1068 3053 1111 3115 ab
1124 3068 1234 3113 essen-

211 3134 256 3194 tia
283 3148 344 3194 seu
382 3134 507 3211 specie,
544 3138 581 3193 ut
612 3134 671 3205 sic,
710 3131 790 3194 dum
823 3133 1112 3211 predicamentaie
1158 3146 1233 3193 cen-

208 3210 510 3291 tradistinguitnra
535 3212 730 3285 substantia,
756 3218 793 3274 ut
820 3214 885 3285 tali,
920 3217 954 3275 et
976 3212 1053 3274 ideo
1080 3210 1235 3273 dividitur

210 3291 245 3353 in
263 3308 385 3356 novem
399 3292 662 3370 praedicamenta,
678 3295 716 3353 ut
737 3292 838 3355 hahet
862 3292 1046 3354 communis
1071 3292 1234 3353 sententia

214 3375 329 3435 contra
344 3372 472 3450 aliquos
495 3371 549 3453 (2).

242 3554 277 3619 (t)
290 3554 357 3606 Vide
370 3554 473 3605 suarez.
488 3554 602 3618 Metaph.
617 3553 682 3619 disp.
694 3568 772 3603 xxxrx
781 3556 844 3604 sect.
859 3553 909 3603 In.
926 3544 965 3603 16.

242 3639 278 3723 tt)
293 3639 361 3692 Vide
388 3639 516 3704 Haradu,
539 3639 656 3706 Metaph.
682 3638 749 3706 disp.
763 3642 808 3691 IX.
