2650 4242
470 257 591 308 ionica,
606 259 678 304 rans
693 262 719 302 r.
1067 240 1107 304 93

95 368 161 506 t2⁰
175 369 316 509 t{alatione
330 373 524 433 extensionis
545 371 672 448 objecti,
699 370 854 436 dividitur
875 373 909 434 in
934 375 1106 450 partialem

68 459 92 506 e
132 453 171 510 to
224 466 288 511 ern.

121 528 277 591 Scientia
286 531 443 606 partialis
458 529 587 593 definiri
600 536 711 608 potest
728 552 736 594 :
752 539 841 594 certa
855 534 992 608 copnr'tio
1004 531 1106 594 alieu-

63 610 140 682 jus
155 612 212 669 rei
222 613 420 684 necessariae,
437 611 549 672 babila
558 626 621 688 per
628 614 802 689 propriam
816 613 887 688 ejus
902 629 1043 673 causant.

129 689 278 751 Scientia
292 691 402 752 totalis
417 689 640 753 definitionem
651 692 821 770 propriam
836 691 982 753 scientiae
1006 707 1105 769 snpra

73 767 227 829 allatam
245 767 327 848 (138)
345 770 408 831 sibi
429 769 586 844 vindicat,
612 779 646 832 et
673 776 850 849 propterea
879 776 929 832 est
966 777 1105 846 systema

74 850 335 910 conclusionum
348 855 644 912 demonstratarum
654 869 724 928 quar
733 853 823 913 cirea
835 868 935 911 unum
946 854 1106 928 objectum

73 935 274 989 versantur.
296 930 407 990 Unitas
430 931 572 993 scientiae
596 931 637 992 ab
663 935 789 993 unitate
814 931 937 1009 objecti
960 929 1105 992 formalis

76 1005 257 1086 adaequati
271 1009 518 1070 determinatur.

129 1089 165 1148 30
188 1088 353 1162 Scientiae,
379 1094 505 1152 ratione
529 1089 698 1150 relationis
721 1093 766 1151 aa
788 1092 938 1160 inuicem,
955 1089 1104 1152 distribui

77 1172 235 1304 gessum
247 1169 282 1228 in
296 1169 465 1246 primarias
480 1186 541 1230 seu
562 1170 740 1246 principes,
768 1177 800 1230 et
815 1169 1028 1231 secundarius
1044 1187 1104 1232 seu

110 1249 269 1308 erivatas.

133 1327 278 1389 Scientia
293 1327 411 1389 dicitur
420 1330 594 1403 primerio,
612 1329 745 1404 quando
761 1329 834 1408 ejus
848 1331 934 1390 ratio
958 1330 1016 1389 snb
1038 1346 1105 1405 pua

80 1407 131 1467 ab
159 1408 265 1467 altera
288 1409 425 1468 scientia
447 1422 514 1468 non
539 1408 660 1484 petitur
687 1427 693 1468 :
729 1425 758 1469 v.
788 1425 853 1488 gr„
883 1409 1102 1486 Philosophia,

83 1501 168 1562 quae
183 1503 245 1549 sua
259 1488 418 1565 principia
439 1486 702 1549 fundamentalia
726 1489 766 1549 ab
792 1491 855 1549 alia
878 1489 1014 1550 scientia
1037 1505 1104 1551 non

81 1567 226 1642 repeda

129 1647 404 1708 Scientiadicitur
414 1648 621 1718 secundaria,
636 1646 769 1723 qnando
783 1647 855 1726 ejus
866 1649 952 1709 ratio
967 1649 1023 1708 sub
1040 1665 1105 1724 qua

84 1731 224 1788 constat
247 1727 414 1805 principiis
439 1743 480 1787 ex
504 1727 566 1786 alia
590 1726 727 1788 scientia
749 1725 931 1805 desumptis
958 1746 965 1787 :
994 1745 1024 1788 v.
1050 1743 1101 1807 gr.

83 1806 302 1882 Perspectiva
315 1811 471 1882 respectu
486 1805 695 1868 Geometriae.

130 1887 276 1948 Scientia
306 1885 450 1948 derivata
478 1892 529 1946 est
555 1901 689 1963 semper
715 1885 1103 1948 scientla'subalternata

84 1972 249 2043 respectu
276 1967 423 2028 scientiae
452 1966 610 2043 primariae
638 1983 656 2026 a
685 1980 751 2043 qua
784 1965 955 2026 exordium
992 1965 1101 2040 duxit;

84 2049 365 2108 verumscientiae
388 2045 546 2123 primaria
569 2051 708 2123 possunt
734 2045 831 2106 etiam
854 2047 914 2108 sub
940 2061 1005 2108 uno
1030 2063 1101 2106 res·

86 2131 194 2200 pectu
207 2126 435 2195 subalternam,
451 2124 531 2185 dum
544 2125 606 2185 sub
617 2127 680 2186 alio
693 2131 849 2202 respectu
862 2130 1015 2202 presunt.
1024 2126 1104 2187 Sub-

86 2204 252 2269 ordinatio
279 2210 365 2269 enim
385 2205 608 2277 ¹scientiarum
632 2221 674 2265 ex
708 2205 836 2266 diverso
863 2206 968 2282 capite
996 2207 1104 2282 repeti

85 2289 212 2360 potest,
228 2302 260 2347 v.
285 2303 349 2366 gr„
376 2301 417 2346 ex
441 2285 612 2346 nobilitate
635 2284 720 2359 finis,
738 2284 953 2364 amplitudine
969 2285 1102 2364 objecti,

85 2366 337 2426 universalitate
351 2365 597 2443 principiorum.

130 2444 183 2504 Ad
224 2443 496 2522 perfectissimam
538 2444 844 2505 subalternationem
892 2445 1104 2505 scientiarum

89 2527 161 2583 tres
175 2526 389 2602 requiruntur
404 2524 624 2596 conditionem
653 2526 683 2584 10
708 2524 798 2600 quod
823 2524 1053 2584 subalternam
1071 2528 1104 2585 et

84 2605 317 2666 subalternala
330 2610 505 2666 versentur
520 2605 604 2664 circa
625 2603 715 2663 idem
727 2603 911 2681 objectum
928 2605 960 2664 2⁰
974 2608 1012 2663 ut
1026 2603 1102 2664 sub·

87 2684 251 2745 alternata
268 2684 454 2746 consideret
476 2682 558 2744 illud
582 2683 748 2762 objectum
764 2683 826 2743 sub
850 2686 977 2745 ratione
991 2683 1101 2762 aliqua

83 2763 300 2838 accidentali;
316 2767 347 2826 30
360 2763 450 2842 quod
464 2763 688 2824 subalternata
711 2764 832 2824 habeat
845 2779 904 2841 pro
935 2764 1100 2840 premissa

83 2843 233 2921 aliquam
269 2845 522 2914 conclusionem,
549 2859 648 2921 quam
673 2844 814 2920 ipsamet
846 2858 913 2903 non
946 2841 1099 2904 demons-

85 2927 162 2995 trat,
175 2923 236 2986 sed
246 2923 387 3003 quaefuit
404 2923 672 2984 demonstratam
687 2924 821 2985 scientia
837 2923 1096 2984 subalternante.

82 3003 243 3081 Sequitur
265 3003 356 3082 quod
377 3020 444 3064 non
458 3004 563 3080 possit
586 3003 702 3064 haberi
726 3002 863 3063 scientia
887 3005 1024 3065 actualis
1038 3020 1100 3065 seu

81 3082 260 3145 habitualis
283 3084 515 3156 subalternata,
555 3099 626 3160 que
660 3099 742 3142 vere
766 3083 908 3143 scientiae
936 3085 1099 3146 rationem

81 3163 217 3238 habeat,
249 3164 374 3240 absque
390 3163 527 3224 scientia
546 3163 809 3235 subalternante;
836 3179 913 3222 uam
933 3163 1100 3225 evidentia

81 3244 260 3304 veritatum
289 3242 507 3305 deductarum
535 3244 652 3320 nequit
677 3241 793 3303 haberi
826 3244 897 3305 sine
933 3243 1100 3305 evidentia

82 3325 331 3401 principiorum.

123 3404 180 3465 llic
206 3404 332 3465 institui
359 3405 474 3480 posset
503 3400 680 3479 disputatio
710 3397 752 3460 de
767 3397 857 3460 falsis
882 3402 1097 3480 conceptibus

81 3484 223 3544 scientae>
238 3488 272 3544 et
285 3483 427 3544 methodi
439 3499 523 3560 quos
549 3480 732 3544 obtrudunt
758 3482 787 3540 10
809 3482 1098 3544 transcendentales

82 3579 146 3623 seu
159 3565 372 3624 rationalistae
386 3566 443 3622 aut
454 3562 620 3633 idealistaa
645 3560 702 3639 qui
715 3575 776 3636 per
790 3560 961 3622 scientiam
975 3561 1096 3623 intelli-

82 3646 169 3723 grmt
193 3642 412 3705 deductiones
437 3657 479 3704 ex
501 3641 670 3721 principiis
694 3655 713 3701 a
736 3639 851 3716 priori;
876 3641 908 3701 2⁰
935 3643 1094 3719 empirici,
