2650 4242
175 159 234 222 200
481 178 661 223 aauvumuu
681 176 885 221 ruinosormn

175 298 312 361 modum
328 299 440 375 partis,
455 298 563 372 sicuti,
577 315 608 361 v.
626 314 692 377 gr„
708 299 815 362 anima
830 299 864 361 in
881 298 1015 361 homine
1028 296 1188 359 seusubs·

175 380 276 442 tantia
300 380 434 451 ιοι(ι;3ο
457 383 585 441 utnon
609 378 651 439 sit
675 379 870 451 communis,
900 395 960 441 seu
988 372 1189 439 identificata

178 476 251 520 cum
266 458 414 535 pluribus
428 458 515 520 inter
528 474 565 521 se
579 459 711 521 realiter
725 457 895 530 distinctis,
911 462 987 519 utv.
1000 474 1068 537 gr„
1081 470 1191 517 essen-

178 539 220 599 tia
236 536 355 611 divina,
371 535 433 598 sed
448 542 514 599 tota
528 540 563 599 in
576 555 620 599 se.

218 619 288 679 345.
305 649 344 660 —
369 619 420 679 Hae
446 616 654 680 definitiones
677 616 740 679 illis
762 632 879 679 revera
903 619 1093 695 congruunt
1112 629 1192 691 quas

177 696 312 759 tradidit
326 698 458 759 Boetius
476 716 483 758 :
504 722 517 751 ‹
534 697 749 775 Suppositum
765 701 816 757 est
828 703 954 759 naturae
967 694 1134 772 completae
1147 696 1192 755 in·

97 825 100 836 .
178 778 313 838 deaceae
326 777 544 838 substantie...
563 801 576 831 »
595 782 640 851 et,
659 802 672 831 ‹
690 792 833 853 persona
849 780 899 838 est
912 774 1087 837 rationalis
1101 778 1193 834 nelc-

178 872 225 919 rae
238 858 408 919 indiuidua
421 856 599 917 substantie
615 882 642 915 ».
659 858 894 918 Verumtamen
908 859 944 916 ut
958 855 1007 916 hae
1032 851 1194 915 definitio·

178 952 239 997 nes
255 937 296 998 ab
311 935 350 996 iis
366 952 447 1013 quas
472 934 678 1009 tradidimus,
704 952 772 997 non
797 935 998 1012 discrepent,
1021 936 1085 995 rite
1099 931 1195 993 intel·

177 1015 236 1094 ligi
251 1015 377 1076 debent
390 1031 491 1076 voces
505 1016 674 1077 individue
695 1017 873 1078 substantio
886 1036 896 1076 .·
909 1015 991 1077 Nam
1006 1010 1194 1093 significare

178 1109 246 1157 non
263 1094 387 1155 debent
409 1094 598 1172 simpliciter
621 1095 840 1157 substantiam
863 1094 1000 1174 physice
1015 1108 1119 1155 unam
1134 1090 1196 1165 (se-

181 1191 238 1235 cus
253 1174 381 1235 animus
404 1173 580 1246 humanus,
610 1191 741 1251 corpus
765 1179 842 1249 etc,
871 1173 1061 1237 dicerentur
1073 1173 1197 1253 hypos-

179 1253 291 1332 lases),
308 1252 369 1315 sed
382 1249 603 1315 substantiam
628 1254 838 1332 completam,
864 1270 934 1331 quae
958 1255 992 1315 in
1017 1270 1055 1315 se
1070 1256 1140 1313 tota
1154 1249 1198 1311 sit
1322 1242 1323 1255 ¹

179 1348 218 1393 ac
243 1333 418 1409 completa.
442 1333 613 1394 Indiuidua
637 1349 730 1413 ergo,
757 1334 790 1395 in
813 1335 875 1395 hac
900 1332 1106 1403 definitione,
1128 1345 1198 1391 non

178 1412 279 1473 modo
296 1411 374 1474 dicit
396 1412 614 1474 substantiam
637 1412 851 1489 senecionem,
876 1417 914 1475 ut
928 1412 1108 1491 opponitur
1120 1409 1196 1471 uni·

178 1491 309 1564 cereali,
321 1493 491 1565 inteprum,
503 1496 540 1551 ιιι
550 1496 728 1569 opponitur
741 1496 837 1569 parti,
852 1498 952 1555 totum
965 1496 1003 1553 ut
1017 1488 1199 1569 opponitur
1322 1474 1323 1497 ¹

180 1569 291 1632 iormae
305 1572 339 1632 in
362 1570 472 1647 aliquo
499 1573 689 1648 composito,
714 1588 830 1633 verum
855 1573 956 1633 etiam
975 1572 1198 1634 substantiam

181 1654 285 1713 totam
299 1652 333 1709 ic
346 1667 389 1723 se,
404 1664 466 1711 seu
479 1651 614 1711 realiter
632 1651 987 1714 incommunicabilem.
1005 1651 1199 1712 Substantia

181 1730 313 1808 ponitur
326 1733 365 1790 ιιι
377 1745 486 1807 genus
499 1730 532 1789 in
548 1727 750 1804 definitione,
777 1736 810 1791 et
823 1747 883 1808 per
899 1731 1123 1809 adjectionem
1136 1745 1199 1790 vo-

183 1810 229 1870 cis
242 1810 422 1879 indc‘ve'due‚
438 1826 546 1887 genus
573 1809 812 1872 determinatur
835 1810 878 1872 ad
892 1810 1111 1891 substantiam
1123 1809 1198 1885 pti-
1322 1830 1323 1853 ι

181 1904 272 1949 mom
286 1889 512 1951 tantummodo
530 1888 791 1968 significandam.

222 1968 302 2028 Hinc
316 1966 398 2029 falsa
413 1972 464 2029 est
479 1966 624 2031 definitio
650 1985 670 2031 a
694 1970 863 2031 Giinthero
886 1967 1017 2041 tradita,
1034 1984 1134 2047 quam
1147 1968 1199 2029 in·-

182 2050 278 2108 caute
294 2048 459 2123 accipiunt
472 2047 570 2125 aliqui
587 2050 734 2129 theologi
751 2068 758 2109 ι
776 2050 943 2111 «Persona
957 2049 1200 2110 estsubstuniia

181 2127 373 2188 sulcensem
389 2151 402 2180 »
423 2148 430 2188 :
448 2129 583 2188 actualis
597 2130 650 2191 sui
675 2129 886 2202 conscientia,
897 2129 994 2208 juxta
1007 2128 1093 2191 hanc
1112 2123 1197 2189 defi·

180 2205 352 2280 nitioncm,
370 2212 459 2268 esset
473 2205 577 2268 forma
592 2224 810 2285 personaeseu
827 2208 1057 2285 personalitas„
1067 2208 1200 2285 Seque·

181 2288 272 2347 retur
286 2284 378 2364 quod
390 2287 425 2347 in
437 2286 592 2348 minitata
607 2291 696 2350 esset
708 2289 805 2350 unica
820 2302 975 2366 persona,
991 2288 1072 2349 etin
1086 2286 1198 2349 Verbo

180 2365 349 2427 incarnato
366 2365 490 2443 duplex
504 2367 704 2447 hypostasis.

181 2486 252 2548 346.
275 2519 314 2629 ᾖ
332 2489 451 2627 Tarsis.
472 2490 683 2565 suppositum
701 2494 745 2549 est
759 2488 905 2549 mucione
914 2503 978 2565 per
991 2504 1036 2563 se,
1052 2493 1081 2549 et
1104 2493 1149 2549 est
1162 2488 1202 2547 id

222 2582 286 2643 quo
321 2582 400 2643 opt.

221 2680 316 2740 Prob.
331 2681 413 2741 Nam
429 2684 459 2742 1⁰
473 2698 541 2743 uon
556 2681 653 2743 estin
669 2680 731 2743 alio
756 2682 841 2742 utin
856 2680 1018 2760 subjectu,
1036 2680 1126 2757 quod
1145 2682 1201 2741 est

182 2759 380 2830 accidentis;
395 2762 428 2820 2⁰
450 2776 519 2821 non
541 2759 734 2836 praedicatur
758 2762 855 2823 etiam
880 2759 921 2822 de
934 2760 1086 2837 subjecto,
1105 2758 1200 2838 quod

182 2844 232 2899 est
246 2839 434 2901 substantia
449 2839 603 2901 secunda
626 2844 661 2901 et
684 2857 751 2901 non
776 2842 906 2918 primae;
933 2839 1067 2901 tandem
1082 2841 1113 2901 3⁰
1128 2852 1200 2901 non

181 2920 288 2979 estin
313 2918 375 2979 alio
399 2920 492 2979 utin
517 2924 597 2990 toto,
623 2936 721 2981 secus
744 2920 907 2981 rationem
929 2918 1197 2996 partishaberet.

179 2998 264 3073 Ergo
279 3001 499 3075 suppositum,
526 3002 691 3077 quatenus
710 3016 779 3061 non
804 3003 854 3061 est
880 3014 968 3077 pars,
994 2997 1055 3059 sed
1078 3004 1198 3073 toturn,

180 3081 231 3138 est
244 3076 400 3155 suijuris,
418 3094 479 3139 seu
493 3094 560 3140 non
576 3084 627 3140 est
640 3094 695 3139 res
710 3080 855 3141 alterius,

218 3159 273 3216 Est
285 3157 321 3218 tu
334 3160 422 3232 quod
435 3160 514 3233 epti,
540 3159 616 3236 quia
644 3174 718 3223 esse
743 3160 773 3220 ei
796 3158 949 3220 convenit
963 3157 1068 3233 primo
1083 3172 1123 3217 ae
1137 3171 1201 3232 per

177 3251 227 3297 se.
247 3234 328 3297 inde
344 3234 490 3298 dimanat
503 3240 656 3300 axioma:
683 3240 823 3300 Actiones
846 3243 919 3299 suot
942 3238 1198 3313 suppositorum,

179 3314 257 3392 quia
271 3315 480 3392 suppositum
495 3321 546 3378 est
559 3318 756 3393 principium
771 3320 858 3393 quod
880 3318 958 3395 opit,
971 3315 1050 3377 licet
1059 3333 1124 3393 per
1137 3332 1198 3377 ιια-

177 3401 290 3457 turem
305 3399 395 3473 agat,
412 3412 482 3474 que
504 3396 643 3472 proinde
670 3401 720 3457 est
743 3397 942 3475 principium
965 3412 1029 3472 quo
1049 3396 1200 3457 actiones

178 3472 272 3537 fiunt.
290 3473 383 3537 Unde
399 3480 450 3536 est
468 3476 502 3537 id
521 3475 613 3555 quod
630 3476 727 3540 babet
744 3480 897 3539 naturam
917 3479 949 3537 et
964 3476 1198 3555 proprietates.

219 3555 290 3617 347.
310 3586 349 3599 -
371 3554 592 3617 corollarium
611 3557 633 3618 l.
651 3555 819 3635 Quidquid
842 3555 1006 3619 rationem
1018 3555 1124 3632 partis
1138 3554 1199 3617 ha·
1322 3589 1323 3616 ι
