2650 4242
461 249 578 296 coerce
600 253 672 298 raas
694 255 724 320 11.
1053 235 1110 296 157

124 359 153 419 Ι.
187 364 384 424 immodicus
412 370 604 442 contemptus
626 371 794 428 notionum
814 362 985 426 subtilium
1006 364 1109 428 homi-

77 453 171 498 nem
193 441 303 505 reddit
322 445 482 520 imparem
497 447 565 508 sive
592 445 635 508 ad
650 449 874 526 cognitionem
898 444 1110 507 scientiarum

78 521 314 596 superiorum,
346 525 414 585 sive
439 525 482 586 ad
506 527 570 586 alte
596 524 867 605 cognoscendum
898 523 939 584 de
963 525 1110 601 qualibet

79 600 243 662 scientia.
263 604 388 665 Exinde
402 602 438 666 fit
452 610 489 667 ut
502 608 535 668 in
551 607 737 685 ignorantia
752 607 851 684 plena
867 607 1034 681 torpescat
1053 613 1109 668 aut

80 681 117 738 in
135 679 294 743 inchoata
310 685 498 762 cognitione
514 687 631 755 stolide
648 690 792 766 stagnei.

126 761 205 822 Haec
222 778 320 824 causa
345 768 467 826 nostris
492 768 694 844 temporibus
717 764 811 826 vaide
837 765 1019 825 communis
1045 769 1106 826 est.

82 839 183 900 stulti
199 843 284 902 enim
299 845 474 924 negligunt
489 846 651 925 quidquid
672 862 771 918 supra
795 860 914 905 sensus
930 844 1106 918 extollitur,

84 923 122 978 et
137 919 220 981 odio
234 923 357 984 habent
371 942 469 986 onrne
485 926 575 1003 quod
589 927 857 1005 imaginationem
875 938 941 984 non
953 923 1106 998 delectat,

84 1004 148 1059 aut
162 1017 301 1063 sensum
314 1020 376 1064 seu
390 1006 545 1066 affectum
559 1025 627 1068 non
642 1003 881 1084 expergefacit;
899 1021 917 1064 a
932 1006 1032 1066 rebus
1044 1008 1107 1081 spi-

83 1082 265 1142 ritualibus
292 1086 401 1144 animo
432 1086 658 1159 abhorrentes,
689 1085 830 1146 ludibrio
855 1084 979 1144 habent
1006 1085 1109 1146 veluti

86 1159 287 1234 chimaeram,
305 1164 438 1225 stultam
460 1172 493 1227 et
515 1183 634 1227 vanam
656 1166 882 1237 subtilitatem,
900 1179 1016 1224 omnes
1035 1165 1107 1226 illas

84 1240 248 1302 scientias
262 1243 443 1307 abstractas
460 1265 529 1325 quae
546 1253 679 1324 captum
694 1247 782 1325 vulgi
803 1248 1014 1320 exsuperant.
1042 1246 1107 1324 igi-

87 1322 144 1379 tur
157 1320 227 1382 haec
243 1338 340 1383 causa
355 1326 473 1401 partim
487 1325 673 1388 refunditur
686 1327 720 1386 in
731 1339 878 1386 amorem
886 1325 985 1400 volup
991 1328 1104 1399 tatum,

87 1407 122 1457 et
139 1403 307 1474 partimin
322 1404 471 1467 inertiam
487 1423 546 1466 seu
564 1413 728 1484 torporem
744 1406 843 1466 animi
858 1407 1014 1480 respectu
1024 1405 1106 1466 veri·

87 1482 196 1539 tatum
210 1484 428 1558 superiorum.
445 1487 569 1548 Exinde
585 1489 684 1548 etiam
694 1484 731 1546 fit
743 1489 780 1546 ut
793 1483 839 1543 iili
850 1484 906 1561 qui
917 1485 980 1544 hoc
990 1485 1104 1545 morbo

85 1561 212 1620 mentis
234 1562 452 1638 implicantur,
476 1569 602 1628 ratione
625 1564 759 1628 dicendi
772 1564 869 1625 unice
886 1564 1103 1634 delectentur,

87 1655 224 1700 necnon
238 1643 278 1702 ab
294 1644 366 1720 ipsa
380 1646 515 1707 veritate
528 1648 739 1707 abhorreant.

130 1720 366 1784 Verumtamen
389 1725 422 1784 in
445 1728 632 1802 oppositum
651 1725 825 1802 scopulum
839 1725 1019 1801 impingere
1035 1741 1103 1784 non

88 1798 266 1875 debemus,
283 1804 418 1876 scilicet,
435 1805 468 1865 in
483 1805 693 1867 immodicam
712 1805 926 1865 obscurarum
952 1806 1102 1880 quaestio-

88 1896 171 1938 num
186 1880 451 1961 delectationem.
467 1885 619 1946 lilecebra
629 1885 848 1947 subtilitatum
857 1888 1018 1943 autmerae
1030 1899 1104 1962 spe·

88 1960 262 2022 culationis
292 1980 357 2040 qua
386 1981 480 2025 mens
510 1970 641 2046 tempus
665 1968 788 2025 tereret
813 1963 847 2022 in
876 1963 1024 2040 argutiis,
1055 1967 1105 2024 est

87 2039 205 2115 utique
221 2040 372 2104 defectus
386 2044 485 2122 longe
500 2048 612 2116 rarior,
629 2044 691 2106 sed
712 2049 820 2106 tamen
841 2043 1003 2104 vitandus.
1028 2044 1103 2104 Ver·

86 2125 193 2195 gente
202 2120 273 2198 jam
287 2125 561 2186 scholasticorum
571 2130 730 2202 tempore,
743 2123 805 2184 tuit
815 2138 907 2200 aeque
921 2124 1104 2184 communis

87 2199 141 2260 iric
165 2200 265 2260 ardor
288 2204 458 2266 cavillandi
482 2210 582 2283 atque
614 2210 664 2266 est
691 2209 803 2266 nostra
830 2207 923 2263 aetate
953 2200 1103 2264 defectus

88 2280 273 2354 oppositus.

129 2359 167 2418 li.
187 2362 298 2420 Timor
311 2365 521 2424 deordinatae
534 2363 706 2440 cujustibet
718 2361 921 2438 prolixitatis
943 2363 978 2426 in
1001 2363 1101 2424 ratio-

87 2438 232 2501 cinando
257 2445 308 2501 est
332 2443 430 2518 etiam
457 2459 554 2504 causa
579 2443 781 2521 ignorantiae.
808 2441 935 2502 Etenim
951 2442 1104 2519 quelibet

85 2517 227 2580 scientia
241 2521 371 2584 nonnisi
389 2540 453 2599 ope
468 2523 691 2584 meditationis
707 2526 740 2582 et
757 2519 945 2582 reflexionis
965 2522 1102 2598 acquiri·

89 2601 159 2665 tur:
176 2605 305 2661 constat
320 2602 408 2662 enim
422 2603 569 2678 pluribus
584 2603 772 2664 notionibus
786 2602 872 2661 inter
886 2616 921 2660 se
941 2603 1045 2671 noxie,
1063 2617 1101 2661 ac

87 2678 229 2752 proinde
246 2683 400 2760 cognosci
415 2684 530 2760 nequit
545 2684 622 2760 quin
636 2683 690 2743 hio
704 2697 810 2744 nexus
824 2681 857 2742 in
871 2681 980 2740 lucem
996 2695 1098 2757 pona-

89 2762 151 2817 tur.
168 2759 267 2819 Porro
283 2761 395 2823 odium
420 2763 596 2842 cujuslibet
619 2762 777 2824 ratiocinii
799 2761 916 2837 prolixi
938 2759 1028 2820 idem
1051 2765 1102 2820 est

86 2853 125 2896 ac
141 2837 255 2899 odium
271 2841 490 2905 meditationis
506 2848 539 2903 et
551 2843 738 2903 reflexionis
755 2841 924 2901 diuturne.
945 2841 1029 2918 Ergo
1047 2840 1100 2902 hic

89 2920 187 2982 timor
199 2921 358 2983 ratiocinii
372 2923 612 2999 aliquantulum
624 2923 771 2982 continui
792 2920 909 2981 merito
923 2935 1101 2982 connume-

86 3002 179 3059 ratur
194 3000 279 3060 inter
295 3017 409 3062 causas
423 3003 626 3081 ignorantie.

345 3129 505 3188 Tronsitio
521 3131 565 3189 od
576 3127 842 3203 metaplasticos.

125 3242 302 3320 Hucusque
316 3242 409 3305 ideas
421 3261 481 3306 seu
491 3244 698 3324 cognitiones
709 3243 796 3320 ipsas
809 3241 1098 3318 consideravimus

88 3322 118 3379 l⁰
139 3321 173 3381 in
197 3323 263 3383 suis
288 3324 460 3385 elementis
483 3325 767 3401 relationibusque
789 3322 983 3395 intrinsecis,
1011 3324 1043 3384 2⁰
1066 3327 1100 3385 in

84 3403 154 3461 suis
175 3403 390 3464 relationibus
415 3405 607 3465 extrinsecis
631 3403 674 3464 ad
698 3403 840 3482 objecta,
867 3419 927 3464 seu
942 3401 984 3464 ad
997 3419 1052 3463 res
1064 3405 1099 3465 in

85 3482 214 3555 seipsts.
231 3485 323 3545 Nunc
338 3484 448 3545 adres
463 3487 550 3562 ipsas
567 3485 753 3545 transimus.

125 3562 229 3641 Hujus
258 3565 415 3626 transitus
441 3565 690 3642 possibilitatem
716 3563 851 3642 negavit
879 3563 1025 3634 Kantius,
1056 3577 1096 3623 eo

86 3641 189 3716 quod,
208 3642 303 3723 juxta
317 3645 435 3721 ipsum,
456 3659 523 3707 non
538 3645 767 3724 cognoscimus
782 3657 836 3704 res
850 3646 887 3702 ut
901 3645 977 3702 sunt
990 3641 1024 3702 in
1044 3655 1096 3702 se·
