2650 4242
302 232 501 276 nararnrsrca
523 234 606 284 esu„
629 230 682 274 san
707 232 887 275 ourouoon.
1051 214 1110 273 223

93 346 278 405 eminenter
298 344 360 404 vim
387 346 610 420 induratorum
629 343 689 404 luti
712 348 744 405 et
759 344 1002 421 liquefactioom
1017 358 1108 414 cerae,

90 428 157 487 etc.
173 448 186 475 ι
200 422 372 503 (Frassen).
389 426 444 484 Est
458 441 537 505 ergo
553 426 659 502 potius
673 421 921 485 fundamentum
935 422 1109 489 distinctio-

88 518 172 564 num
194 506 327 564 rationis
342 505 536 566 ratiocinata
551 505 651 579 quam
672 502 833 563 distinctio
854 502 985 580 proprie
1011 501 1107 564 dicta.

92 583 127 645 Si
141 590 290 642 sumatur
304 586 340 642 ut
355 582 528 657 distinctio,
545 582 647 645 debet
669 582 816 643 revocari
829 583 872 643 ad
901 597 1008 659 genus
1043 582 1106 643 dis-

88 664 286 723 tinctionum
300 664 443 723 rationis.

135 740 206 803 389.
236 776 273 784 -
301 742 469 802 Distinctio
499 740 645 803 virtualis
674 742 849 802 mtrmseeo
890 739 1109 817 quorumdam

91 820 333 881 Themistarum
348 830 397 881 est
412 822 577 897 capacitas
591 821 637 881 rei
654 819 698 881 ad
708 818 918 896 suscipienda
934 819 1108 895 praedicata

91 900 272 961 intrinseca
288 916 329 959 ex
343 917 379 960 se
397 899 647 961 contradictoria
662 906 739 960 ante
757 915 891 960 omnem
919 900 1109 959 intellectus

93 980 339 1055 operationem3
357 997 387 1040 v.
410 995 443 1058 g.
460 982 495 1040 in
509 980 641 1041 homine
657 986 707 1039 est
721 980 902 1040 animalitas
918 982 952 1038 et
965 978 1105 1038 rationa-

91 1059 184 1131 litas:
200 1075 298 1135 porro
313 1060 363 1119 liis
374 1059 562 1138 singillatim
576 1062 715 1135 sumptis
729 1062 869 1135 possunt
880 1056 975 1119 tribui
990 1056 1105 1135 pradi-

93 1143 170 1199 cata
184 1138 444 1208 contradictoria,
463 1138 581 1198 eodem
608 1137 707 1198 modo
723 1154 762 1197 ac
776 1140 804 1199 si
820 1138 885 1198 duo
909 1142 1022 1198 essent
1041 1135 1106 1196 dis-

93 1218 198 1277 tincta
212 1218 370 1290 subiecta.
388 1219 467 1278 Hinc
483 1217 739 1290 distinctionem
749 1218 845 1295 juxta
863 1216 1015 1277 laudatos
1029 1232 1108 1277 auo-

93 1301 197 1369 tores,
212 1296 403 1358 foretrealis
426 1302 542 1373 utpote
558 1298 739 1375 quamlibet
752 1296 871 1357 mentis
883 1297 1109 1373 operationem

91 1381 305 1454 praevertens.

136 1456 281 1517 Scotistae
295 1457 368 1515 loco
391 1456 490 1533 hujus
517 1455 734 1517 distinctionis
757 1455 904 1516 virtualis
927 1456 1110 1516 intrinsece

93 1535 192 1596 aliam
227 1536 408 1613 subrogant
433 1552 533 1612 quarn
554 1537 733 1610 formalem
749 1535 911 1595 actualem
932 1551 975 1593 em
987 1540 1109 1594 notura

94 1617 149 1675 rei
159 1621 288 1676 vocant.
308 1618 403 1692 Viget
416 1616 502 1675 inter
514 1613 596 1675 duas
609 1612 822 1676 formalitates
839 1612 991 1693 ejusdem
1000 1613 1059 1687 rei,
1076 1630 1107 1674 v.

95 1709 130 1772 g.
147 1693 233 1754 inter
249 1695 483 1754 animalitatem
516 1699 549 1754 et
577 1696 844 1766 rationalitatem,
873 1709 1013 1771 quarum
1042 1709 1109 1753 una

95 1778 170 1833 ome
190 1775 304 1835 premis
327 1777 546 1849 operationem
559 1788 627 1834 non
641 1775 683 1833 sit
697 1772 878 1833 formaliter
892 1774 1005 1833 altera.
1035 1774 1108 1833 For·

94 1853 277 1913 malitatum
292 1854 423 1913 nomine
439 1853 819 1932 intelliguntessentialia
835 1852 1006 1929 predicata
1025 1853 1110 1931 ejus-

96 1932 172 1993 dem
187 1932 235 1991 rei
249 1934 301 1993 vel
317 1932 475 1993 individui
491 1949 560 2009 qua
575 1932 795 1993 diversimode
813 1930 1026 2000 definiuntur3
1043 1948 1109 1992 una

93 2010 286 2083 formalitas,
301 2014 395 2090 juxta
410 2012 567 2088 ipsos,'de
582 2013 684 2073 altera
695 2012 810 2089 negari
823 2017 934 2087 potest
956 2019 987 2072 et
1014 2012 1110 2072 alicui

94 2092 143 2152 rei
171 2099 322 2151 convenit
353 2100 514 2168 quatenus
544 2093 609 2163 tali,
640 2093 719 2152 dum
748 2093 839 2152 alteri
869 2096 1031 2168 quatenus
1054 2088 1111 2154 tali

93 2186 318 2249 nequaquam,
337 2171 489 2248 adeoque
505 2178 581 2231 actu
609 2170 857 2249 distinguuntur
877 2171 1040 2249 objectiva
1070 2186 1111 2230 ex

94 2254 214 2311 natura
228 2253 274 2310 rei
290 2259 365 2309 ante
381 2251 567 2311 intellectus
583 2252 822 2328 operationem.
918 2290 922 2299 ·

134 2332 205 2391 lstae
221 2330 446 2391 distinctiones
461 2332 682 2407 quorumdam
696 2330 936 2390 Thomistarum
959 2333 992 2389 et
1012 2331 1108 2389 totius

94 2409 214 2470 scholae
229 2411 325 2476 Scoti,
342 2427 424 2488 quas
437 2410 591 2469 historice
610 2411 794 2480 retulimus,
816 2409 924 2468 multis
948 2409 1111 2487 theologis

95 2493 130 2549 et
144 2488 347 2566 philosophis
360 2507 426 2550 non
441 2490 594 2550 videntur
608 2487 785 2568 probanda
803 2507 809 2547 :
829 2489 859 2546 l⁰
874 2488 951 2564 quia
964 2486 1039 2547 dum
1049 2487 1110 2564 ipsi

92 2568 165 2628 Deo
181 2570 394 2645 applicantur,
411 2570 541 2629 nonnisi
555 2585 697 2645 operose
714 2568 923 2646 dogmatibus
949 2564 1026 2627 fidei
1054 2583 1108 2627 ac-

94 2648 356 2709 commodantur.
372 2652 403 2709 2⁰
418 2648 532 2722 Quoad
544 2647 788 2710 distinctionem
802 2646 1060 2719 Scotistarum‚si
1071 2662 1112 2707 ex

93 2730 214 2787 natura
224 2729 271 2789 rei
287 2729 407 2787 animal
422 2734 456 2788 et
482 2729 640 2788 rationale
655 2731 690 2788 in
704 2727 835 2787 homine
866 2726 1108 2804 distingueren-

94 2810 150 2867 tur
164 2809 243 2868 eitra
258 2810 375 2867 mentis
404 2809 640 2883 operationem,
661 2808 733 2885 jam
753 2821 858 2866 unum
886 2806 1017 2865 realiter
1044 2820 1111 2865 non

94 2890 188 2947 esset
201 2886 301 2959 aliud,
319 2885 379 2946 sed
395 2892 507 2947 essent
521 2886 586 2946 duo
601 2889 735 2948 realiter
751 2885 913 2945 distincta.
927 2887 1024 2962 Atqui
1036 2885 1111 2945 Sco-

94 2965 175 3026 tistae
190 2969 252 3044 ipsi
267 2974 389 3044 negant
403 2965 646 3027 distinctionem
660 2968 746 3027 hanc
775 2980 848 3025 esse
868 2964 1002 3026 realem.
1027 2966 1112 3043 Ergo

94 3044 157 3108 ribi
168 3045 408 3107 contradicunt.

388 3205 435 3262 De
449 3203 648 3264 distinctione
662 3203 811 3265 ratiom's.

133 3362 204 3424 390.
223 3392 260 3404 -
275 3360 444 3421 Distinotio
459 3362 596 3422 rationis
612 3358 711 3423 dividi
728 3362 828 3421 etiam
841 3365 951 3438 potest
964 3362 997 3423 in
1011 3362 1113 3441 majo-

95 3457 179 3515 rem,
195 3443 354 3503 minorem
371 3445 405 3501 et
417 3440 595 3501 minimam.

138 3522 169 3582 1⁰
182 3522 288 3597 Major
303 3537 341 3581 ea
358 3526 408 3581 est
423 3537 493 3597 quae
506 3523 596 3600 viget
610 3518 691 3580 dum
705 3519 786 3581 ratio
806 3518 974 3599 distinguit
995 3519 1111 3580 entita-

97 3600 164 3661 tem
179 3601 350 3662 virtualem
364 3600 399 3662 iu
413 3602 519 3661 varios
548 3606 729 3678 conceptus
758 3596 904 3677 perfecte
930 3600 1113 3670 distinctos,
