2650 4242
473 299 589 342 coerce
609 297 683 344 rsus
704 301 725 341 r.
1066 283 1105 343 33

130 415 242 477 Genus
253 419 304 475 est
313 429 389 489 pars
399 412 656 474 determinabilis
672 415 771 474 totius
782 398 942 486 essen‘tiae,
955 414 1033 475 dum
1046 414 1103 476 dif-

88 496 230 556 ferentia
261 497 312 555 est
340 510 416 570 pars
451 493 698 568 ,determinanm
722 511 830 574 genus
856 500 890 555 et
920 494 1106 557 differentia

89 581 169 638 sunt
185 579 292 651 partes
308 574 458 634 essentiae
472 591 532 635 seu
543 577 678 650 speciei.

131 658 163 716 4ο
177 656 353 731 Proprium
381 657 431 714 est
452 654 749 730 iuooouplorttos
772 657 931 730 competit,
948 661 1107 732 torquant
1157 724 1160 731 ¹

88 740 271 796 necessario
299 734 470 796 dimanans
499 735 539 794 ob
568 749 681 794 eornm
716 736 862 809 essentia,
895 736 940 794 ita
958 740 1005 808 ut,
1021 738 1108 798 'sicut

92 815 172 876 dicit
183 815 321 885 Goudin,
331 815 430 886 omui,
443 813 506 874 solt
517 831 555 874 oc
569 815 831 890 semperoeot‘dot
848 816 966 889 spectet
970 838 979 885 ‚·
997 832 1026 876 v.
1040 833 1105 894 gu,

89 894 229 955 facultas
259 891 430 972 loquendi,
470 891 609 954 facultas
643 893 771 953 ridendi
798 899 875 953 sunt
909 910 1042 972 semper
1072 895 1107 956 in

91 976 185 1036 omni
209 978 242 1035 et
263 975 298 1032 in
322 974 391 1034 solo
405 970 573 1034 individuo
594 974 753 1044 human03
780 978 858 1035 sunt
876 991 956 1052 ergo
966 977 1109 1051 proprio

91 1055 245 1115 bominis.
264 1052 356 1115 Unde
372 1052 570 1130 praedicatur
585 1054 625 1114 de
640 1054 789 1129 pluribus
817 1057 961 1129 loquele
988 1071 1105 1118 neces·

93 1134 180 1196 sario
203 1151 264 1195 seu
285 1149 346 1210 per
359 1132 493 1194 moduni
510 1128 691 1212 adjacentis
705 1135 894 1195 necessarii.

135 1217 167 1274 5⁰
181 1215 331 1274 Accidens
342 1218 392 1274 est
402 1215 438 1272 r'd
446 1213 692 1290 qoodplorr'bos
706 1216 753 1274 t‘to
768 1220 945 1290 contpetere
956 1220 1058 1290 potest
1072 1218 1108 1274 ot

89 1296 195 1372 possit
208 1310 274 1354 esso
289 1293 338 1352 oet
353 1294 470 1364 obesse,
489 1294 581 1353 solou
596 1309 709 1352 eorum
724 1297 914 1368 essenttu;v.
932 1311 983 1372 gr.
999 1296 1107 1355 scieu-

94 1375 141 1436 tia
154 1375 190 1433 in
210 1374 354 1433 homine.
381 1372 471 1434 Unde
494 1371 648 1433 accidens
668 1373 802 1434 verbale
816 1391 877 1434 seu
900 1375 1045 1452 logicum
1060 1377 1111 1435 est

95 1452 246 1595 idssuod
269 1452 310 1513 de
333 1454 480 1529 pluribus
490 1454 691 1529 praedicatur
704 1454 737 1513 in
753 1456 850 1531 quale
866 1453 1123 1531 contingenter(

99 1617 122 1677 d
183 1578 189 1590 .
214 1535 374 1672 -l'lnasrs
399 1536 545 1593 :Praeter
566 1535 632 1594 liaeo
656 1536 798 1610 potoque
812 1535 1024 1605 tortoersolt'o,
1047 1549 1112 1594 ooo

123 1620 222 1674 octor
237 1630 257 1672 o
272 1615 318 1672 to.

136 1694 311 1753 Probatur.
330 1690 497 1768 Quidquid
520 1696 570 1752 est
592 1693 937 1770 communepluribus
958 1709 1019 1754 seu
1037 1692 1110 1752 uni·

95 1773 236 1845 versale,
259 1772 403 1849 pertinet
427 1771 469 1832 ad
490 1789 626 1832 suorum
649 1771 839 1834 inferiorum
864 1773 1040 1833 essentiam
1059 1773 1114 1833 vel

96 1870 169 1914 non
186 1856 337 1926 pertinet.
354 1852 451 1928 Atqui
469 1871 475 1910 z

140 1934 171 1991 1⁰
185 1935 217 1993 Si
240 1949 308 1993 non
332 1935 476 2010 pertinet
499 1929 542 1990 ad
558 1931 747 2007 essentiam,
774 1933 891 1993 saltem
907 1932 1114 1992 connectitur

98 2029 177 2074 cum
198 2013 265 2085 illa,
280 2013 332 2074 vel
356 2029 424 2072 non
440 2012 661 2084 connectitur;
687 2016 737 2072 est
767 2012 845 2089 ergo
864 2015 1041 2089 proprium
1061 2013 1115 2074 vel

98 2095 259 2154 occidens.

138 2175 172 2234 2⁰
188 2175 220 2234 Si
241 2172 385 2250 pertinet
397 2170 439 2231 ad
462 2170 651 2242 essentiam,
667 2170 720 2230 vel
734 2168 822 2231 illam
834 2175 935 2231 totam
951 2173 1114 2248 complec-

99 2254 189 2328 titur,
209 2257 242 2312 et
258 2252 373 2313 dicitur
397 2255 530 2327 spectem
556 2250 610 2312 vel
631 2255 682 2310 cst
704 2267 779 2327 pars
807 2253 971 2322 essentiae,
990 2256 1022 2310 et
1043 2253 1116 2311 lraec

99 2349 179 2411 pars
203 2333 300 2393 etiam
322 2329 471 2393 bifariam
487 2330 644 2408 distingui
659 2335 794 2406 potest:
819 2331 847 2391 si
872 2334 1018 2407 estpars
1041 2332 1114 2406 plu-

99 2414 193 2473 ribus
234 2413 411 2490 speciebus
422 2413 614 2482 communis,
628 2418 677 2470 est
698 2428 817 2486 penum
830 2411 857 2470 si
878 2427 946 2471 non
968 2415 1018 2469 est
1031 2427 1116 2471 com-

100 2493 223 2566 munis,
242 2497 319 2553 tunc
341 2497 392 2552 est
405 2492 536 2570 propria
557 2491 658 2552 solius
680 2490 811 2569 speciei,
836 2494 869 2550 et
893 2490 1011 2550 dicitur
1025 2490 1116 2563 diffe-

100 2575 219 2633 rectio.

143 2653 229 2730 Ergo
253 2667 293 2710 ex
315 2669 354 2712 eo
371 2649 461 2728 quod
478 2652 538 2712 alia
552 2649 746 2728 hypothesis
768 2648 933 2710 efformari
959 2653 1115 2728 nequeat,

103 2732 253 2812 quinque
276 2735 402 2792 tantum
417 2734 494 2790 sunt
509 2729 744 2806 praedicabilia.

145 2812 196 2873 47.
226 2844 264 2854 -
292 2811 402 2871 Genus
432 2809 531 2872 dividi
558 2814 679 2886 potest,
692 2827 753 2888 per
774 2809 939 2883 accidens,
955 2809 989 2868 in
1004 2825 1117 2886 supre-

102 2907 208 2962 mum,
225 2890 458 2954 intermedium
495 2895 528 2951 et
554 2892 750 2968 proximum.
774 2889 871 2969 ldem
894 2889 957 2948 dici
976 2892 1061 2951 solet
1076 2890 1118 2951 de

104 2971 220 3048 specie
238 2975 271 3031 et
287 2971 481 3032 differentia.
620 3021 652 3027 ..

147 3050 258 3111 Genus
281 3065 468 3127 supremum
490 3049 572 3110 illud
594 3054 644 3110 est
669 3052 755 3125 quod
776 3049 834 3109 sol)
856 3049 923 3109 otto
958 3051 1122 3126 superiori

104 3137 297 3208 peuerenon
311 3132 503 3204 continuom
524 3149 554 3191 v.
579 3146 628 3207 gr.
641 3131 731 3190 notio
755 3129 959 3188 substantiae.

148 3209 260 3271 Genus
271 3213 462 3286 prostratam
477 3225 537 3269 seu
550 3209 698 3270 infimum
712 3207 792 3267 illud
810 3207 964 3284 estquod
979 3210 1072 3284 infru
1084 3226 1119 3268 se

104 3306 171 3351 ooo
185 3291 279 3350 babet
292 3307 403 3365 ponor,
428 3288 489 3350 sed
503 3296 627 3350 tontum
640 3290 760 3365 species
775 3309 785 3347 .·
799 3292 836 3347 ut
850 3288 970 3348 animal
991 3304 1121 3367 respec-

104 3370 306 3431 tuhominis.
1065 3413 1068 3417 -

49 3481 52 3486 ·
149 3450 262 3512 Genus
283 3451 511 3510 intermedium
532 3447 613 3508 illud
630 3451 681 3508 est
697 3450 785 3523 qood
797 3450 881 3507 tuter
893 3463 1082 3524 supremum
1096 3455 1125 3510 et

105 3530 464 3606 rememorationem
479 3545 516 3589 ac
536 3528 673 3606 proinde
690 3531 756 3587 tam
767 3543 867 3604 supra
881 3543 918 3587 se
934 3544 1032 3604 quam
1042 3525 1124 3588 infra

106 3626 144 3672 se
160 3610 251 3671 aliud
265 3625 373 3689 genus
387 3609 504 3681 habet;
521 3625 552 3669 v.
567 3625 631 3686 gr,
648 3608 773 3670 vivens.
856 3611 859 3617 '

150 3689 263 3752 Genus
285 3693 319 3752 et
334 3688 530 3763 differentia,
548 3704 622 3767 quac
647 3689 689 3749 ad
700 3689 847 3766 speciem
863 3687 1126 3749 constituendam

243 3781 247 3789 ’
452 3786 534 3834 Buuv.
552 3785 626 3832 Pnu.
644 3785 674 3832 T.
692 3784 711 3832 l.
726 3809 757 3821 -
770 3782 794 3831 3.
