2650 4242
476 262 593 306 nocicla
614 261 688 306 rins
708 265 728 306 r.
1075 243 1116 305 65
1158 296 1162 302 .

138 379 223 439 Sunt
252 375 427 453 intepretes
442 390 501 437 seu
523 374 752 454 quantitativae,
783 376 915 453 quando
939 378 1012 438 sine
1036 377 1115 454 ipsis

97 463 207 518 toturn
220 460 321 528 esset,
336 455 397 517 sed
412 469 480 516 non
488 457 654 534 integrum
673 477 681 517 ε
697 476 729 518 v.
745 472 779 534 g.
792 458 827 516 in
840 455 1114 539 bominepedes

95 553 231 612 manus,
248 536 347 610 oculi,
366 540 430 597 etc.
446 537 565 596 Totum
574 540 730 598 constans
738 537 886 613 partibus
900 537 1115 615 integralibus
1228 618 1234 626 .

95 623 235 679 vocatur
249 620 355 678 totum
369 615 539 690 stercorata.

137 697 189 758 Ad
205 701 310 758 totum
326 695 499 774 physicum
514 697 663 756 revocari
690 696 831 771 possunt
855 697 959 754 totum
986 695 1115 756 enodate
1176 750 1181 754 .

97 776 193 854 quod
208 778 336 838 constat
349 775 500 852 pluribus
518 771 627 834 modis
643 773 754 843 eidem
769 774 923 852 subjecto
943 773 1110 836 inbaeren-
1172 827 1175 832 .

99 857 200 929 tibus,
230 871 363 916 necnon
392 858 496 916 totum
518 855 660 914 oirtncte
688 870 749 913 seu
768 855 1006 928 potestativum,
1024 852 1114 931 quod

98 940 233 996 constat
247 935 398 1012 pluribus
412 932 622 995 facultatibus
637 934 670 993 in
686 932 806 994 eadem
820 931 1112 996 natura'radicatis.

138 1017 171 1076 2¹
187 1015 325 1090 Quando
338 1018 447 1090 partes
462 1028 530 1075 non
545 1018 623 1074 sunt
636 1014 771 1073 realiter
783 1011 957 1086 distinctae,
970 1012 1031 1073 sed
1046 1017 1114 1074 tan·

98 1099 172 1154 tum
186 1110 246 1173 per
267 1092 388 1154 mentis
404 1093 703 1155 considerationem
718 1097 859 1169 possunt
873 1090 1041 1170 distingui,
1063 1092 1111 1154 di·
1204 1111 1208 1116 ·

98 1179 222 1234 cuntur
234 1177 346 1254 partes
361 1173 595 1250 metaphysica,
610 1175 643 1231 et
659 1172 877 1247 compositum
888 1170 1115 1233 diciturtotnnt

96 1255 354 1331 anetnpbpsicnrn
367 1273 378 1312 .·
391 1269 421 1313 v.
438 1269 472 1331 g.
486 1267 594 1330 genus
610 1255 644 1311 et
655 1250 850 1347 differentia,
863 1267 924 1312 seu
933 1252 1115 1313 animalitas
1222 1324 1225 1328 ,

98 1336 133 1394 et
147 1334 347 1394 rationalitas
362 1334 395 1392 in
408 1332 553 1392 bomine.

139 1415 172 1474 3⁰
185 1412 333 1473 Tandem
347 1415 452 1472 totum
466 1413 577 1487 potest
591 1413 742 1471 constare
752 1408 962 1470 multitudine
990 1410 1115 1472 entium

96 1491 307 1553 rationalium
321 1506 397 1568 quae
418 1494 505 1551 inter
519 1506 555 1551 se
570 1489 727 1550 relatione
750 1488 859 1565 aliqua
886 1490 1012 1551 neornli
1034 1505 1113 1552 con-

96 1576 289 1644 nectuntur,
317 1568 503 1650 cujusmodi
524 1573 601 1630 sunt
624 1565 747 1641 civitas,
773 1568 970 1645 respublica,
992 1583 1115 1646 nempe

96 1667 217 1714 omnes
229 1653 402 1712 societates
417 1669 424 1710 :
440 1649 522 1712 illud
539 1655 643 1710 totum
658 1647 787 1709 actuale
805 1647 922 1710 dicitur
936 1649 1073 1712 morale.

138 1733 189 1793 98.
207 1765 245 1775 -
258 1733 376 1794 Totum
385 1730 563 1805 potentiale
578 1733 629 1789 est
648 1728 830 1804 illudquod
851 1744 919 1788 non
941 1733 1028 1798 actu,
1054 1726 1116 1788 sed

96 1815 266 1888 potestate
281 1811 428 1872 continet
441 1809 534 1886 plura
544 1807 699 1871 inferiora
713 1809 822 1868 minus
839 1810 1024 1869 communia
1041 1826 1048 1868 :
1070 1809 1116 1867 sic

97 1893 208 1950 omnis
229 1892 305 1950 iden
333 1889 526 1950 universalis
552 1896 699 1963 respectu
733 1889 928 1963 inferiorum
960 1905 1031 1964 qna
1056 1887 1115 1947 snb

97 1971 284 2031 extensione
312 1985 372 2030 sna
407 1971 553 2038 continet,
584 1973 628 2028 est
651 1972 754 2027 totnnt
776 1967 963 2042 potentiale.
994 1966 1117 2027 Dicitur

98 2049 295 2126 potentiale,
313 2049 389 2125 quia
403 2047 475 2107 haec
486 2051 576 2108 notio
592 2047 787 2108 universalis
803 2050 906 2122 potest
933 2048 1001 2106 suis
1028 2044 1116 2106 infe-

96 2129 242 2191 rioribus
276 2127 442 2206 applicari,
460 2144 490 2189 v.
508 2142 541 2204 g.
567 2127 687 2187 animal
702 2130 753 2186 est
791 2129 894 2186 totum
922 2125 1114 2202 potentiale,

97 2209 177 2286 quia
190 2224 256 2270 non
267 2213 355 2280 actu,
366 2206 428 2268 sed
439 2206 586 2282 potentia
599 2206 743 2266 continet
754 2205 923 2265 hominem
933 2211 966 2265 et
975 2220 1098 2283 equum
1104 2222 1112 2276 ;

97 2292 237 2350 vocatur
252 2291 349 2348 etiarn
364 2287 516 2362 topicam,
534 2286 610 2365 quia
624 2285 821 2358 universale,
849 2300 914 2361 qua
938 2285 1012 2356 tale,
1038 2300 1114 2362 per-

99 2369 184 2430 tinet
194 2368 238 2428 ad
252 2366 402 2430 ordinem
416 2365 559 2427 ideaiem
569 2381 631 2425 seu
641 2364 795 2443 logicum.

139 2449 253 2510 Partes
270 2449 366 2509 totius
388 2443 487 2523 logici
508 2444 662 2505 dicuntur
685 2444 877 2518 subjectivae,
897 2441 984 2519 ·quia
1007 2442 1117 2519 ipsum

96 2527 286 2594 universale
303 2526 344 2587 de
357 2525 495 2603 singulis
511 2524 639 2596 dicitur,
656 2529 813 2600 tanquam
828 2521 870 2582 de
884 2521 1054 2600 subjectis.

138 2610 259 2669 Totum
275 2621 353 2686 ergo
364 2604 544 2680 potentiale
560 2607 671 2680 partes
681 2603 782 2663 babet
796 2602 829 2661 in
845 2617 904 2661 sua
920 2604 1114 2672 extensione,

99 2704 138 2748 ac
154 2685 295 2764 proinde
311 2684 443 2764 proprie
473 2682 591 2745 dicitur
613 2693 718 2754 omne,
748 2681 828 2741 dum
858 2684 963 2742 totum
986 2681 1115 2742 actuale

96 2772 213 2844 partes
228 2765 458 2842 complectitur
476 2763 509 2822 in
531 2779 588 2824 sua
612 2761 899 2837 comprehensione,
927 2764 960 2820 et
984 2759 1116 2838 proprie

99 2847 220 2908 dicitur
240 2849 348 2908 toturn.

263 2999 435 3080 Quomodo
451 2998 594 3078 analysis
606 2998 676 3060 haec
691 3001 759 3059 tota
772 2997 933 3059 resolvat?

146 3164 196 3227 99.
225 3196 265 3208 -
292 3159 442 3239 Analysis
469 3162 648 3234 utrumque
680 3158 795 3229 totum,
823 3155 951 3216 actuale
994 3159 1118 3220 scilicet

100 3249 137 3308 et
165 3241 355 3320 potentiale,
377 3239 533 3314 respicit:
554 3239 582 3297 l⁰
602 3235 675 3297 Toti
688 3236 871 3313 applicatur
895 3237 1025 3311 actuali,
1040 3237 1119 3300 dum

99 3320 591 3389 hocresolvitinsuaelementa,
602 3316 734 3381 hocest,
746 3315 778 3374 in
789 3316 957 3389 partesvel
967 3319 1119 3380 notiones

100 3393 1119 3482 quasactuccntinet,ettuncpropriediciturresolntic,·ictum

102 3481 330 3545 enimactuale
340 3481 452 3556 partes
462 3476 669 3538 babetinsua
681 3475 1118 3549 comprehensione‚etide0

102 3579 167 3642 per
191 3561 352 3640 analysim
379 3573 457 3620 vere
476 3555 651 3618 resolvitur
664 3554 698 3614 in
712 3569 771 3613 sua
786 3554 964 3628 elementa,
982 3556 1119 3635 physica

104 3643 161 3706 vel
175 3640 412 3720 metaphysica,
431 3635 616 3705 essentialia
630 3634 684 3696 vel
695 3632 877 3711 integralis.

432 3735 516 3784 Bnev.
531 3732 606 3780 Putu.
621 3729 652 3778 Τ.
667 3729 688 3777 l.
705 3754 737 3766 -
751 3729 776 3777 5.
