2650 4242
649 155 1045 200 nssrspavsma
1087 159 1253 215 ens„
1300 160 1409 206 sau
1453 159 1823 205 oxi-omem.
2138 142 2252 204 185

230 271 603 346 analogiam
631 272 910 348 aliquam
944 286 1091 332 cum
1120 271 1262 348 ipso
1290 275 1653 337 intellectu.
1685 273 1848 333 Hinc
1888 279 2251 350 conceptus

228 351 614 429 adaequatus
640 351 931 414 veritatis
958 367 1182 412 rerum
1208 352 1342 415 haec
1366 355 1497 416 duo
1525 357 1838 430 importat
1869 371 1885 414 z
1924 352 1983 412 1⁰
2032 353 2246 415 Reali-

226 435 436 492 tatem
458 446 580 492 seu
602 432 939 492 entitatem
958 446 1201 506 rerum,
1230 438 1296 494 et
1314 435 1409 495 sic
1431 434 1710 496 sumitur
1743 456 1768 484 ι
1793 429 2253 497 fundamenta-

228 511 385 573 liter
411 515 686 581 tantum,
722 535 749 564 ι
775 513 839 572 2⁰
862 510 1176 572 Ordinem
1205 512 1291 574 ad
1318 513 1728 575 intellectum
1754 512 2072 590 :proinde
2096 513 2248 576 des-

236 591 398 653 cribi
425 594 646 669 potest
670 591 910 652 veritas
927 591 1063 652 haec
1095 610 1110 650 ε
1147 595 1291 668 Ipsa
1316 609 1543 655 rerum
1595 594 1827 654 entitas
1856 597 2051 668 prout
2096 595 2255 655 dicit

238 674 533 734 ordinem
560 671 1032 744 conformitatis
1058 673 1147 732 ad
1173 673 1584 735 intellectum.
1600 673 1714 734 Est
1742 687 1902 751 ergo
1947 673 2093 750 ipsa
2135 689 2254 734 co-

238 751 686 831 gnoscibilitas
714 749 1150 829 objectorum.

321 831 572 891 Veritas
599 831 733 892 haec
761 847 802 892 a
853 831 1185 893 veteribus
1266 830 1841 895 transcendentalz's
1884 829 2249 903 dicebatur,

242 911 398 989 quia
426 910 588 973 ratio
618 910 802 980 entis,
833 925 911 970 ac
940 909 1215 987 proinde
1244 911 1388 988 ipsa
1417 911 1585 975 entis
1610 910 1927 973 habitudo
1959 910 2046 973 ad
2065 911 2256 973 intel-

237 991 512 1064 lectum,
540 989 946 1052 transcendit
970 1005 1203 1051 omnes
1244 994 1643 1070 categorias3
1690 1006 1729 1051 a
1775 991 2256 1053 recentioribus

238 1070 676 1146 metaphysica
694 1071 1080 1148 appellatur.
1112 1071 1205 1131 Ex
1223 1071 1430 1132 altera
1450 1076 1660 1148 parte,
1676 1075 2002 1148 quatenus
2016 1086 2259 1150 cogno-

241 1150 551 1212 scibilitas
564 1154 810 1212 nonest
835 1149 1211 1224 formaliter,
1236 1149 1360 1211 sed
1376 1156 1627 1212 tantum
1655 1149 2257 1222 fundamentaliter,

237 1229 606 1308 adaequatio
661 1232 757 1292 rei
788 1234 855 1291 et
881 1231 1271 1302 intellectuS‚
1313 1230 1450 1292 haec
1477 1234 1716 1294 veritas
1744 1230 1978 1292 dicitur
2021 1231 2261 1306 funda-

239 1310 559 1382 mentalis,
592 1308 678 1371 ad
728 1308 1076 1371 discrimen
1105 1311 1398 1372 veritatis
1431 1311 1682 1390 logicae,
1735 1326 1858 1372 seu
1885 1326 2027 1388 quae
2066 1314 2167 1372 est
2193 1310 2262 1370 in

245 1394 399 1451 actu
416 1387 863 1469 intelligendi;
890 1390 1024 1451 haec
1049 1390 1227 1451 enim
1251 1388 1490 1451 dicitur
1518 1391 1715 1453 etiam
1746 1391 1986 1454 veritas
2011 1390 2262 1463 forma·

244 1470 348 1530 lis.
379 1470 605 1547 ltaque
634 1470 872 1532 veritas
904 1469 1498 1532 transcendentalis
1534 1469 1769 1532 dicitur
1794 1471 2035 1532 veritas
2057 1470 2125 1530 in
2154 1484 2264 1530 es-

248 1547 487 1619 sendo,
524 1554 592 1611 et
642 1548 954 1620 formah'S,
1005 1550 1245 1612 veritas
1266 1551 1336 1613 in
1365 1549 1921 1627 repraesentando.

330 1627 607 1704 Quando
651 1629 991 1706 speciatim
1022 1629 1476 1691 consideratur
1503 1629 1748 1691 relatio
1792 1626 2265 1691 conformitatis

244 1713 472 1786 potest
495 1708 629 1770 haec
657 1708 888 1771 referri
928 1710 1064 1771 sive
1094 1710 1179 1771 ad
1199 1709 1612 1772 intellectum
1639 1712 2005 1786 practicum
2026 1724 2150 1769 seu
2177 1707 2266 1768 ad

244 1788 659 1850 intellectum
686 1787 956 1866 opificis,
1000 1790 1138 1852 sive
1182 1788 1269 1851 ad
1322 1790 1729 1852 intellectum
1785 1787 2267 1866 speculativum

250 1884 378 1930 seu
406 1873 721 1931 creatum.

252 2011 396 2073 311.
428 2043 506 2056 --
532 2012 745 2072 Tussis
774 2013 818 2072 Ι.
852 2010 975 2073 PER
1015 2027 1083 2072 se
1114 2016 1171 2071 et
1224 2027 1525 2074 Aesom‘rs
1561 2027 1668 2073 res
1713 2010 2050 2074 naturales
2102 2026 2272 2070 verae

329 2095 478 2151 sunt
490 2106 621 2168 per
644 2093 936 2154 ordinem
965 2093 1055 2152 ad
1073 2090 1455 2154 intellectum
1481 2092 1791 2154 divinum.
2124 2118 2134 2128 ·

334 2223 829 2285 ProbaturAEes
857 2223 1190 2285 naturales
1206 2225 1540 2301 'primario
1567 2239 1733 2286 verae
1760 2229 1914 2286 sunt
1943 2238 2064 2296 per
2096 2237 2272 2282 com-

254 2302 671 2379 parationem
699 2302 780 2364 ad
810 2304 1220 2365 intellectum
1247 2302 1508 2365 artificis
1541 2321 1578 2365 a
1610 2319 1742 2381 quo
1782 2302 2272 2366 constituuntur

252 2380 331 2444 id
360 2380 540 2460 quod
569 2388 742 2444 sunt.
780 2386 838 2443 1⁰
859 2384 1024 2445 Sunt
1047 2399 1237 2454 verae,
1269 2399 1425 2445 nam
1454 2384 1508 2444 si
1537 2401 1706 2462 opus
1738 2380 2086 2457 conceptui
2116 2382 2270 2442 arti-

255 2459 401 2525 ficis
426 2478 549 2523 seu
571 2466 725 2542 typo
760 2461 983 2539 dispar
1010 2468 1207 2536 esset,
1231 2462 1374 2542 jam
1405 2461 1720 2525 deficeret
1767 2461 2126 2540 adaequatio
2175 2460 2274 2521 rei

261 2545 335 2604 et
375 2548 755 2620 conceptus,
790 2559 913 2603 seu
952 2544 1211 2604 veritas.
1255 2546 1319 2604 20
1354 2544 1517 2604 Sunt
1546 2545 1876 2620 primario
1898 2558 2089 2614 verae,
2119 2556 2276 2601 nam

257 2622 400 2684 haec
430 2624 821 2699 comparatio
854 2626 956 2684 est
984 2620 1375 2696 essentialiS,
1408 2639 1484 2683 ac
1514 2621 1793 2699 proinde
1822 2622 2088 2683 omnino
2144 2618 2272 2697 pri-

194 2718 198 2721 *
258 2701 489 2763 maria.
522 2702 715 2779 Atqui
741 2702 866 2763 iste
896 2702 1269 2765 intellectus
1300 2700 1585 2775 artificiS,
1617 2703 1723 2763 cui
1750 2700 2128 2764 referuntur
2170 2716 2280 2761 res

258 2781 618 2854 naturaleS‚
654 2787 966 2860 tanquam
994 2781 1080 2844 ad
1126 2785 1364 2862 typum
1419 2784 1700 2862 agentiS,
1761 2785 1865 2843 est
1903 2780 2278 2856 intellectus

262 2861 547 2923 divinus,
577 2862 747 2942 Ergo
778 2877 887 2923 res
914 2879 1037 2939 per
1078 2877 1149 2923 se
1183 2866 1250 2924 et
1270 2862 1573 2924 absolute
1606 2861 1914 2923 dicuntur
1940 2877 2107 2922 verae
2161 2875 2284 2936 per

258 2947 639 3019 respectum
667 2940 753 3004 ad
776 2942 1184 3004 intellectum
1214 2941 1527 3013 divinum,
1579 2957 1702 3003 seu
1746 2941 1832 3002 ad
1888 2940 2280 3018 archetypas

257 3021 450 3084 ideas
478 3021 562 3083 ad
592 3038 868 3100 quarum
915 3022 1252 3098 exemplar
1296 3020 1570 3084 conditae
1622 3024 1800 3084 sunt.

262 3162 410 3225 312.
444 3193 522 3204 —
548 3162 764 3224 Tarsis
793 3162 866 3222 ΙΙ.
899 3162 1020 3223 Res
1044 3159 1383 3220 naturales
1419 3175 1587 3220 verae
1605 3159 1796 3220 etiam
1834 3158 2139 3219 dicuntur
2157 3172 2286 3233 per

340 3242 637 3383 9370*ιέΞὲξὲιέ
675 3243 765 3303 ad
788 3240 1177 3302 intellectum
1196 3243 1510 3312 creatum,
1540 3240 1654 3300 sed
1677 3239 2059 3300 secundario
2089 3241 2146 3298 et
2161 3251 2285 3312 per

339 3452 662 3514 Probatur
691 3452 746 3506 1εἰ
770 3469 953 3529 pars.
985 3451 1237 3513 Veritas
1264 3449 1622 3514 formaliter
1648 3451 1940 3527 spectata
1971 3446 2284 3524 importat

265 3533 555 3613 aliquam
610 3528 1132 3595 conformitatem
1199 3530 1284 3593 ad
1317 3530 1751 3593 intellectum.
1795 3527 1993 3606 Atqui
2046 3524 2277 3606 hujus-
