2650 4242
234 250 294 313 236
541 269 719 313 nnuvrmiuu
739 264 942 312 partosoriua

161 417 162 422 κ
235 398 306 462 quae
321 386 372 445 est
384 382 455 459 ipse
471 382 609 444 effectus
622 386 722 461 prout
736 387 811 443 actu
825 381 871 457 fit,
889 388 938 445 est
952 396 1090 443 numero
1107 381 1208 443 unica
1219 386 1253 442 et

233 462 438 526 indivisibilis
453 468 607 540 respectu
623 478 728 523 causae
749 466 860 540 primae
881 469 913 525 et
934 461 1100 523 secundae.
1125 463 1160 525 Si
1190 461 1252 522 alia

235 544 322 605 euim
339 547 428 604 esset
442 545 528 605 actio
544 543 603 605 Dei
618 546 652 603 et
668 542 729 606 alia
743 542 827 604 aetio
857 546 1023 613 creaturae,
1053 544 1145 603 Deus
1176 557 1250 601 cum

236 626 385 684 creatura
400 639 517 700 reapse
537 639 602 683 non
613 622 834 697 concurreret,
852 626 887 683 et
901 622 1039 683 effecius
1054 620 1250 683 immediate

235 705 334 764 aDeo
350 719 419 765 non
433 702 641 780 procederet.
657 704 742 783 Ergo
767 699 818 780 (l).

274 784 508 843 Verumtamen
535 782 618 843 actio
634 782 712 847 haec,
730 787 827 858 prout
842 785 925 843 esta
946 783 1027 855 Dee,
1045 780 1157 843 differt
1181 776 1248 841 ior-

235 862 362 923 maliter
383 878 402 921 a
424 878 460 923 se
474 864 545 940 ipsa
562 864 658 934 prout
670 866 720 923 est
734 878 753 921 a
769 866 929 934 creatura,
946 862 1023 939 quia
1044 861 1194 938 implicat
1212 864 1248 919 ut

236 942 334 1012 actio,
351 947 513 1018 quatenus
529 945 579 1002 est
593 957 613 1001 a
626 942 707 1012 Deo,
724 941 795 1001 sita
811 946 969 1003 creatura.
1000 943 1101 1019 Igitur
1111 956 1248 1003 concur-

236 1036 293 1082 sus
313 1022 373 1082 Dei
388 1026 520 1082 nonest
535 1023 618 1083 actio
634 1021 766 1083 realiter
787 1022 937 1083 distincta
950 1020 990 1081 ab
1006 1024 1136 1084 actione
1155 1036 1246 1080 crea-

234 1106 323 1173 tura,
340 1100 401 1161 sed
414 1098 595 1161 formaliter
609 1104 748 1178 tantum,
762 1100 845 1161 adeo
860 1107 898 1163 ut
912 1115 978 1162 una
992 1106 1026 1162 et
1040 1100 1244 1163 indivisibilis

235 1181 277 1241 sit
293 1180 376 1242 actio
397 1180 459 1241 Dei
473 1186 507 1242 et
521 1183 686 1242 creature.

274 1258 345 1321 411.
377 1294 415 1302 -
447 1260 680 1323 corollarium.
716 1259 820 1321 Causa
854 1260 957 1337 prima
993 1258 1179 1335 concipitur
1212 1262 1247 1318 ut

236 1354 335 1400 causa
357 1340 476 1411 totalis,
501 1339 580 1401 dum
601 1356 700 1401 causa
721 1337 869 1401 secunda
891 1338 1073 1418 concipitur
1095 1340 1197 1405 etiam
1211 1342 1247 1397 ut

236 1435 335 1482 causa
356 1418 476 1491 totalis,
499 1419 560 1481 sed
592 1418 787 1497 dependens
819 1422 851 1479 et
880 1420 989 1499 primae
1015 1418 1171 1480 obnoxia.
1194 1417 1244 1479 lif-

233 1496 352 1573 fectus,
375 1516 436 1560 seu
463 1500 532 1561 hec
561 1502 658 1560 unica
688 1501 784 1570 actio,
816 1503 866 1559 est
896 1499 1018 1579 aliquid
1049 1496 1246 1561 indivisibile

236 1580 387 1641 ordinem
408 1578 521 1640 dicens
542 1577 584 1639 ad
605 1584 778 1656 utramque
801 1595 944 1653 causam,
962 1584 995 1641 et
1019 1577 1139 1641 exinde
1156 1582 1245 1638 utra·

236 1674 302 1735 que
329 1674 427 1719 causa
453 1660 560 1721 totalis
586 1664 647 1730 est,
677 1662 708 1719 et
735 1674 794 1719 suo
824 1657 923 1721 modo
954 1663 1058 1719 toturn
1089 1658 1246 1719 effectum

236 1745 358 1800 causat.
381 1738 588 1815 Quapropter
619 1754 660 1799 ex
692 1754 853 1800 concursu
873 1738 933 1799 Dei
955 1744 988 1800 et
1010 1754 1051 1799 ex
1081 1739 1245 1799 activitale

235 1833 337 1879 causae
371 1817 524 1879 secunda
565 1816 696 1897 exurgit
731 1818 926 1896 principium
955 1820 1141 1896 proximum
1164 1816 1245 1879 ada-

236 1902 373 1976 quatum
395 1898 542 1960 actionis,

410 2019 422 2042 ⁸
436 2024 477 2075 De
491 2021 686 2091 praemotione
697 2020 821 2091 physica
834 2021 1065 2077 Themistarum.

273 2134 343 2195 412.
367 2168 405 2177 -
434 2136 587 2213 Exposita
618 2135 789 2197 existentia
821 2142 853 2197 et
884 2135 1066 2214 quidditale
1104 2151 1243 2197 concur-

235 2230 292 2275 sus
312 2213 422 2287 divini,
443 2219 593 2275 remanet
606 2219 643 2275 ut
657 2232 796 2294 agamus
811 2214 852 2277 de
867 2216 966 2278 modo
983 2233 1047 2294 quo
1065 2232 1164 2277 causa
1184 2218 1245 2292 pri-

234 2310 288 2354 ma
310 2297 343 2355 et
365 2309 469 2355 causae
491 2294 644 2356 secundae
675 2296 916 2371 coojmrpumur
941 2294 983 2357 ad
1005 2293 1213 2372 operandum
1236 2315 1243 2353 :

235 2388 310 2437 cum
332 2374 428 2435 unica
449 2374 490 2436 sit
515 2376 598 2435 actio
619 2376 803 2453 utriusque,
836 2375 1024 2454 conjunctio
1053 2377 1167 2454 aliqua
1196 2390 1245 2435 re-

236 2453 387 2533 quiritur.

275 2531 418 2594 Celebris
441 2538 491 2593 est
510 2535 598 2594 inter
617 2533 830 2611 phllosophos
861 2540 893 2595 et
915 2534 1087 2611 theologos
1112 2540 1242 2597 contro·

233 2615 351 2685 versia,
372 2618 480 2673 utrum
503 2616 620 2689 prater
648 2614 875 2674 st'mtrltortcum
901 2628 1107 2681 concursum,
1131 2614 1243 2693 requi·

235 2697 323 2754 ratur
342 2693 479 2769 insuper
498 2691 640 2753 influxus
661 2692 777 2770 aliquis
846 2710 864 2753 o
886 2694 974 2754 Deus
995 2710 1109 2755 causas
1123 2710 1241 2756 secuu-

237 2771 295 2834 das
326 2776 457 2835 moveat
489 2776 523 2832 et
553 2771 752 2834 determinet
781 2790 799 2833 a
854 2773 1033 2851 agendum,
1063 2790 1243 2852 earumque

235 2854 382 2913 actiones
403 2852 578 2929 praeveniat
598 2854 765 2929 prioritate
787 2857 907 2914 naturae
929 2860 960 2915 et
983 2854 1194 2915 causalitatis.

273 2931 454 3003 Themista,
477 2932 518 2991 ab
538 2932 679 3011 angelici
698 2934 847 2993 Doctoris
868 2938 979 2994 mente
995 2932 1169 2995 deviantes
1190 2932 1242 3011 (2),

234 3012 271 3070 ut
303 3008 416 3072 dicunt
447 3026 562 3073 eorum
591 3010 779 3082 adversarii,
807 3014 1050 3089 promotionem
1075 3014 1243 3090 physicam

234 3088 445 3162 induxerunt,
480 3108 545 3169 qua
571 3093 660 3152 Deus
692 3106 807 3152 omnes
840 3091 986 3152 actiones
1022 3098 1243 3155 creaturarum

234 3168 303 3230 sive
324 3170 528 3232 necessarias
549 3170 618 3232 sive
635 3170 759 3232 liberas
789 3176 966 3247 praemovet
985 3189 1047 3249 per
1068 3171 1244 3249 quamdam

234 3249 487 3325 applicationem
508 3250 679 3329 physicam
701 3255 734 3311 et
754 3250 878 3311 realem
910 3250 952 3312 ad
973 3252 1154 3330 agendum.
1180 3253 1242 3313 Nisi

234 3327 368 3391 adesset
396 3330 462 3391 haeo
495 3329 602 3393 divina
633 3331 809 3407 praemotio,
847 3331 936 3392 nulla
970 3348 1117 3409 prorsus
1152 3335 1243 3411 juxta

234 3409 336 3486 ipsos,
358 3407 443 3471 foret
466 3415 690 3472 creaturarum
712 3410 807 3470 actio.
829 3410 900 3471 Haec
925 3412 1102 3488 praemoti0,
1128 3417 1240 3491 quale-

265 3553 299 3618 (l)
313 3554 389 3607 Cous.
405 3556 437 3605 D.
453 3556 547 3605 Thom.
565 3556 579 3604 l
593 3571 618 3620 p.
632 3572 657 3620 q.
674 3556 727 3615 105,
742 3572 766 3606 a.
780 3556 796 3605 5
810 3557 843 3606 ad
856 3557 880 3606 2.

266 3655 299 3719 (2)
312 3656 377 3708 Vide
390 3656 559 3719 Schneeman,
574 3658 694 3710 Controv.
710 3659 740 3709 de
753 3664 820 3725 grat.
835 3658 910 3713 div...
928 3677 984 3728 cap.
998 3663 1042 3713 Ill.
