2650 4242
492 306 607 350 Locren
627 301 701 367 nms
722 305 742 344 1.
931 312 933 315 ·
1057 273 1116 348 ,21

95 425 232 502 aliquia,
250 423 305 498 qui
326 437 361 482 se
384 423 461 483 sciis
477 438 542 482 nen
557 419 753 498 significant,
777 413 837 475 sed
860 412 961 502 egent
983 406 1118 498 cunjiin-

96 506 213 565 ctione
237 519 312 562 cum
336 502 404 563 aliis
423 522 429 562 :
447 519 476 562 v.
494 499 557 580 gr„
583 500 691 560 omnis
711 499 821 557 home.
845 495 962 554 Omnia
984 502 1119 547 nomina

94 584 266 664 adJ'ectiva
288 586 365 642 sunt
387 583 516 642 termini
538 574 881 660 syncategorematici.
988 650 992 659 Ι

140 667 193 727 28.
210 697 249 706 —
265 665 300 722 11.
323 663 464 723 Termini
487 661 585 722 etiam
601 658 790 721 dividuntur
801 654 928 714 ratione
939 649 1078 737 objecti:-

144 747 175 804 1ῠ
198 746 232 803 ln
249 744 424 802 abstructus
440 745 473 802 et
494 745 666 802 concretos,
689 735 860 797 Terminus
883 733 1048 792 concretus
1061 725 1116 797 iile

95 828 166 896 est,
183 825 239 902 qui
254 819 416 900 significat
430 821 616 899 subjectum
631 829 703 877 eum
721 814 825 875 ferma
837 813 897 873 sibi
918 809 1115 882 inhaerente,

93 920 129 964 v.
150 903 327 982 gr.‚utbus‚
345 904 446 976 nicer.
460 901 634 962 Terminus
648 897 965 960 diciturubstructus,
982 885 1115 978 quando

96 981 270 1063 ejusmodi
288 981 426 1042 formam
448 977 608 1059 significat
631 979 701 1038 sine
724 975 874 1053 subjecto
899 970 951 1029 cui
971 969 1113 1060 insitu

95 1081 153 1142 gr.
189 1064 348 1140 nigrities,
376 1062 518 1130 caecitas
543 1061 741 1135 humanitas,
769 1060 831 1115 etc.
859 1053 938 1111 iiinc
961 1054 1116 1136 terminus

97 1153 281 1205 concretus
292 1141 414 1216 duplex
425 1141 525 1202 habet
548 1137 770 1217 significatum
794 1125 1053 1218 :materialem
1065 1128 1116 1185 est

96 1223 293 1300 subjectum
314 1223 489 1298 praecisum
511 1237 530 1280 a
552 1219 655 1282 forma
678 1234 748 1285 sua,
776 1219 810 1275 et
831 1208 986 1288 formate,
1009 1205 1044 1266 id
1066 1209 1117 1265 est

96 1304 291 1382 subjectum
314 1317 387 1361 cum
408 1319 466 1362 sua
487 1299 602 1362 forma.
1095 1365 1101 1376 ‚

141 1385 173 1443 2³
188 1381 347 1444 Dividitur
367 1382 401 1440 in
417 1382 653 1442 cereoferarium
668 1381 701 1438 et
716 1375 911 1436 absolutum.
929 1369 1116 1430 Connotutz-

93 1479 160 1522 vus
179 1464 233 1523 iiie
250 1466 300 1522 est
315 1462 370 1538 qui
392 1465 483 1523 notat
498 1462 674 1521 terminum
689 1470 831 1535 quocum
853 1448 1000 1528 perfecie
1016 1446 1115 1539 sinni-

94 1539 187 1608 ficet,
205 1549 239 1602 et
253 1545 323 1603 sine
347 1558 413 1618 quo
435 1557 503 1601 nun
525 1539 671 1617 perfecte
687 1536 862 1615 significem
885 1528 976 1590 unde
991 1523 1116 1602 aliquid

95 1623 261 1700 significat
272 1626 308 1681 ut
319 1621 475 1701 adjacens
488 1621 595 1687 alicui,
609 1637 637 1681 v.
653 1635 703 1696 gr.
716 1615 861 1690 sapiens,
874 1613 979 1688 niger.
992 1609 1117 1698 Dicitur

97 1705 342 1771 connotativus
361 1701 434 1778 quia
449 1705 572 1778 praeter
583 1698 723 1760 formem
733 1695 951 1757 inhaerentem
961 1702 1060 1766 quam
1071 1702 1117 1762 si-

95 1782 245 1860 gnificat‚
263 1786 350 1841 notui
367 1783 463 1840 etiam
479 1783 680 1859 subjectum.
697 1777 789 1840 Unde
813 1773 972 1834 terminus
994 1783 1117 1840 cunno·-

97 1865 220 1922 tativus
237 1866 288 1921 est
303 1877 437 1938 semper
452 1865 636 1931 concretus
655 1876 722 1919 non
737 1861 849 1917 autem
861 1853 931 1914 vice
943 1863 1054 1918 versa;
1070 1849 1120 1905 est

98 1941 202 2002 etiam
225 1956 358 2017 semper
373 1941 554 2020 adjectivus
569 1939 621 2018 (l).
674 1986 676 1989 -
1018 2005 1024 2016 .
1077 2003 1083 2015 ,

141 2021 267 2081 Dicitur
281 2019 455 2091 absolutus,
473 2021 605 2098 quande
628 2036 664 2080 se
680 2018 749 2079 soie
766 2020 816 2075 est
837 2009 983 2090 perfecte
1000 2004 1120 2085 signiti-

99 2102 239 2172 cativus
258 2117 295 2159 ac
317 2101 455 2176 proinde
477 2101 602 2178 aiiquid
618 2104 730 2158 utncn
742 2097 919 2160 immerens,
936 2087 997 2149 sed
1012 2091 1047 2146 ut
1061 2100 1121 2176 per

98 2198 137 2241 se
161 2185 253 2241 stans
275 2181 445 2258 significat,
471 2198 501 2242 v.
529 2198 577 2258 gr.
605 2181 716 2246 homo,
743 2173 874 2236 animal.
910 2171 988 2230 liinc
1010 2179 1120 2225 omma

95 2262 235 2322 nomina
249 2261 384 2320 substan
391 2264 453 2321 tiva
468 2262 673 2321 substantive
695 2260 827 2332 sumpta
842 2254 920 2313 sunt
935 2247 1103 2335 absoluta..

142 2339 351 2401 3⁰·Dividitur
364 2343 395 2400 in
408 2342 649 2415 incomptecrum
662 2342 696 2398 et
706 2335 923 2410 completum,
936 2331 1034 2405 prout
1047 2339 1119 2414 unr-

101 2437 140 2480 co
158 2421 213 2480 vei
228 2421 375 2497 pluribus
391 2425 518 2480 cunstat
532 2420 700 2482 vocabulis
715 2413 905 2478 immediate
922 2407 1116 2496 cunjunctis.

100 2501 137 2560 In
156 2503 295 2562 termine
314 2501 485 2576 complexu
506 2516 609 2560 unum
625 2497 823 2560 vccabulum
844 2490 995 2552 distincte
1012 2501 1118 2576 espu-

99 2580 161 2640 mit
175 2580 375 2657 subjectum,
392 2581 530 2640 aiterum
554 2584 703 2640 formam.
726 2575 808 2636 iilud
824 2571 941 2633 dicitur
959 2573 1118 2659 terminus

95 2661 308 2736 principalis
331 2660 406 2729 hoe,
434 2663 591 2721 terminus
618 2661 770 2728 incidens,
795 2654 862 2714 sive
889 2649 1116 2725 explicaturus,

101 2740 171 2801 sive
188 2739 468 2800 determinativus

142 2819 192 2880 29.
207 2821 301 2878 -111,
320 2821 510 2880 Secundum
525 2821 752 2889 extensionem,
770 2810 900 2874 termini
916 2805 1115 2897 dividentur,

143 2898 166 2957 l⁰
178 2900 213 2959 in
220 2901 375 2974 proprios
385 2903 418 2959 ei
428 2915 620 2960 communes.
635 2896 808 2958 Terminus
819 2891 975 2969 proprius
987 2885 1117 2956 dicitur,

101 2978 170 3039 sive
185 2983 222 3038 ut
238 2981 416 3054 opponitur
431 2980 571 3059 analegc
587 2975 661 3059 (27),
687 2980 756 3038 sive
772 2977 808 3035 ut
823 2967 1001 3048 opponitur
1027 2977 1117 3023 ccm-

100 3059 207 3118 muni.
223 3059 396 3119 Terminus
405 3063 572 3135 proprius
585 3060 699 3119 ultimo
711 3072 813 3116 sensu
822 3053 985 3125 sumptus,
1000 3041 1120 3119 estqui

101 3136 309 3198 individuum
325 3138 460 3216 aliquod
475 3155 535 3215 per
550 3144 644 3199 netas
659 3135 879 3199 individuaies
890 3131 1021 3208 ipsique
1040 3139 1120 3200 pro<

99 3218 189 3292 prias
200 3218 324 3279 directe
337 3223 534 3296 conceptum
547 3217 719 3298 significat,
731 3217 779 3277 uti
786 3208 1118 3283 AlexandenPetrus,

99 3297 227 3358 Dicitur
236 3302 425 3370 communia,
440 3299 573 3376 quande
587 3299 628 3358 de
639 3297 788 3375 pluribus
796 3295 958 3371 pernotas
970 3299 1118 3358 cummu-

100 3392 163 3437 nes
193 3377 317 3439 directe
336 3379 504 3455 conceptis
534 3378 597 3440 dici
621 3382 744 3456 potest,
769 3373 954 3436 secundum
969 3363 1121 3428 eamdem

100 3455 396 3549 significationem
415 3460 505 3520 unde
534 3459 679 3536 pertinet
707 3458 749 3519 ad
773 3470 880 3535 genus
904 3448 1118 3513 terminorum

98 3553 326 3600 univocorum.

131 3702 166 3772 (1)
179 3707 245 3761 Vide
259 3711 384 3775 Humido,
399 3714 476 3766 Univ.
494 3715 557 3778 phil.
570 3714 639 3780 disp.
658 3715 669 3764 1
683 3730 705 3765 s.
719 3732 744 3775 x,
759 3714 818 3776 387;
