2650 4242
444 276 533 317 mom
555 272 770 319 smorrrousff
1048 254 1108 318 267
1152 222 1156 247 ι

92 379 168 436 duas
182 380 277 453 ideas,
302 386 334 438 20
359 398 462 440 earum
485 386 754 457 comparationem,
776 384 806 439 30
820 388 855 441 ut
873 386 1020 456 objectiva

91 449 260 535 affirmetur
273 468 376 509 earum
390 455 532 511 identitas
546 457 594 511 vel
613 456 781 525 diversitas
798 470 856 525 qua
880 455 916 511 de
932 470 1020 511 causa

86 521 238 591 judicium
251 539 282 579 1n
297 524 508 581 affirmativum
522 528 553 581 et
567 528 740 596 negativum
755 525 907 582 dividitur.
1070 526 1107 581 26

133 597 254 649 Tussis.
269 596 417 651 Judicium
431 602 469 650 cst
477 600 561 663 pleno
576 604 600 651 ct
614 600 734 666 perfecto
749 600 878 667 cupatrio,
891 598 1019 669 quiaju·

93 665 205 725 dicium
220 680 280 720 non
294 668 411 721 tantum
433 667 568 723 affirmat.
584 682 648 723 rem
662 680 739 738 esse,
755 666 807 723 sed
831 669 921 722 otiam
944 666 1018 738 quid

93 740 151 866 itpsi
163 736 323 818 'conveniat
333 752 435 809 neone,
451 737 694 809 quodproprium
705 740 751 793 est
763 737 903 809 perlectae
918 739 1017 808 cogni-

112 815 196 866 ioms.
694 865 698 872 ,
1075 808 1111 864 26

132 884 147 937 J
150 876 290 946 odicium,
306 880 336 932 et
351 878 376 933 si
391 880 514 948 simplex
528 881 611 951 inse,
627 878 743 934 ratione
753 879 887 934 materiae
900 894 1022 949 compo·

98 952 189 1015 situm
204 950 259 1003 est.
276 948 398 1006 Constat
422 951 501 1005 enim
524 950 659 1019 materia,
677 964 782 1020 nempe
805 949 888 1019 ideis,
915 953 945 1004 et
959 950 1022 1005 for-

95 1037 156 1093 ma,
173 1035 239 1092 quae
253 1020 283 1074 in
297 1018 494 1076 affirmatione
507 1021 556 1077 rel
570 1021 727 1089 negatione
741 1020 886 1076 consistit.
903 1023 1023 1076 tamve-

96 1108 133 1149 ro
157 1090 400 1159 materiajudioii
427 1093 591 1161 composita
609 1094 666 1162 cst,
690 1090 837 1161 siquidem
865 1092 1020 1161 adaequate

97 1165 226 1235 sumpta,
244 1160 317 1216 duas
327 1160 407 1217 ideas
416 1174 578 1233 earumque
588 1160 1020 1232 habitudinemcomplectitur.
1076 1158 1113 1215 27

360 1270 366 1275 ⁴
431 1275 493 1341 §ll
511 1277 552 1329 lte
564 1274 777 1345 propositione.

136 1391 314 1462 propositio,
330 1405 397 1461 quae
412 1388 577 1460 utsignum
588 1388 694 1459 judicii
709 1389 844 1459 habetur,
861 1387 1002 1443 definitur
1019 1404 1026 1442 ε

99 1464 191 1516 oratio
200 1478 262 1531 qus>
273 1464 382 1529 aliquid
395 1463 427 1515 dc
441 1464 536 1529 aliquo
551 1462 678 1528 affirmat
692 1464 843 1527 odtmcpat.
1079 1454 1116 1511 27

136 1533 259 1587 Materia
272 1532 486 1603 propositionis
509 1532 625 1587 constat
640 1529 791 1585 vocabulis
807 1542 861 1583 seu
886 1528 1018 1598 subjecto

101 1605 133 1658 et
148 1604 303 1673 attributo,
328 1602 399 1658 dum
422 1606 530 1672 copulo,
555 1616 621 1671 quse
644 1602 690 1655 est
709 1600 835 1655 verbum
854 1598 1020 1655 substanti-

102 1688 186 1744 vum,
201 1674 328 1729 formam
350 1672 515 1729 constituit.
532 1672 662 1727 Verbum
677 1674 706 1725 et
721 1684 829 1725 nomen
843 1670 874 1724 in
886 1670 1025 1740 proposi·

102 1744 183 1799 tione
198 1759 256 1800 non
271 1744 375 1799 eodem
389 1758 513 1799 munere
528 1743 704 1811 iunguntur.
1081 1736 1118 1794 27

483 1857 682 1913 ARTIGULUS
701 1857 735 1911 ΙΙ.

466 1974 503 2027 re
514 1972 748 2041 pradicornentis.

141 2096 183 2150 lix
196 2093 294 2163 dictis,
309 2090 445 2161 jndicarc
459 2090 506 2142 est
524 2086 667 2142 reducere
689 2084 854 2155 subjectum
880 2081 1030 2153 quoddam

105 2164 143 2220 ad
164 2164 291 2235 aliquem
316 2159 450 2216 ordinem
473 2159 597 2214 entium.
621 2160 773 2226 Supremas
799 2152 1030 2224 praedicatorum

106 2249 159 2291 seu
182 2232 415 2306 praedicabilium
440 2230 533 2284 series
556 2228 593 2283 ad
617 2240 689 2297 quas
714 2225 818 2281 ultimo
846 2224 1032 2280 reducuntur

106 2306 249 2377 subjecta,
257 2303 472 2373 pradicamealo
488 2300 638 2367 dicuntur,
654 2299 828 2368 quaesunt:
850 2298 875 2351 l⁰
890 2296 1030 2350 substan-

104 2377 158 2448 tia,
174 2381 204 2431 2⁰
219 2375 380 2447 quantitas,
392 2372 422 2425 30
437 2370 575 2442 qualitas
592 2371 621 2423 40
636 2368 750 2437 relatio,
766 2366 795 2421 5⁰
811 2367 899 2439 actio,
919 2367 948 2421 60
958 2378 1029 2437 pas·

105 2448 164 2519 sio,
177 2449 209 2501 70
224 2447 285 2517 ubi,
300 2446 330 2500 80
345 2441 472 2514 quando,
488 2442 520 2495 90
531 2442 615 2511 situs,
628 2440 675 2493 100
691 2438 818 2492 habitus.

471 2555 668 2612 ARTlCULUS
688 2552 734 2609 lll.

478 2673 515 2726 lle
530 2667 747 2723 uniuersalibus.

148 2799 187 2853 lta
204 2808 270 2865 quac
284 2792 321 2846 de
334 2789 480 2860 pluribus,
498 2800 556 2841 non
566 2797 638 2840 vero
651 2782 687 2838 de
698 2779 834 2837 omnibus
845 2789 968 2849 prorsus
978 2788 1032 2829 en-

111 2867 192 2924 tibus
215 2862 358 2920 aiflrmari
371 2860 506 2932 possunt,
526 2857 701 2910 universalia
727 2851 946 2919 nuncupantur.
964 2848 1035 2913 Quae

112 2942 213 2996 autem
227 2935 263 2989 66
279 2932 429 3001 omnibus3
447 2926 714 2983 transcendentolto.
732 2924 870 2976 Attamen
886 2921 1038 3001 universo-

112 3013 154 3065 lia
170 3008 206 3063 66
217 3003 353 3060 omnibus
364 3001 488 3070 alicujus
503 2998 620 3069 generis
635 2994 833 3062 allirmantur,
849 2988 956 3045 et'ideo
971 3000 1039 3042 unr-

115 3078 242 3136 versalia
256 3076 412 3141 vocantur,
437 3086 504 3141 quae
518 3082 643 3123 numero
657 3066 790 3135 quinque
805 3062 876 3117 sunt
896 3078 902 3113 ε
929 3070 1034 3128 genus,

114 3150 239 3221 species,
254 3143 431 3211 differentia,
441 3141 597 3211 proprium
611 3140 641 3192 et
659 3134 805 3192 accidens.
855 3203 860 3213 Ι
937 3201 942 3213 Ι
1090 3125 1124 3181 31

150 3223 272 3276 Tussis,
286 3218 389 3269 Pratcr
403 3214 457 3267 tac
471 3214 602 3279 quinque,
620 3223 675 3261 uon
693 3208 800 3259 deutur
819 3204 879 3255 olto
890 3212 1041 3255 66666666-

119 3295 170 3363 66,
185 3290 255 3361 quia
269 3286 367 3341 omnia
381 3297 449 3354 quae
462 3280 614 3359 pertinent
628 3277 665 3358 ad
679 3275 846 3355 essentiam,
864 3271 973 3351 habent
986 3282 1040 3345 ra·

119 3364 230 3418 tionem
245 3360 296 3412 aut
310 3354 438 3425 generis,
454 3353 507 3405 aut
531 3362 648 3421 specior,
674 3350 725 3401 aut
748 3344 946 3400 differentiae:
974 3352 1041 3419 qirae

119 3432 159 3490 66
175 3431 335 3487 essentiam
350 3440 410 3480 non
418 3422 571 3493 pertinent
583 3418 697 3491 proprii
708 3416 755 3471 vel
769 3412 930 3471 accidentis
944 3412 1040 3465 ratio·
1094 3474 1131 3532 33

122 3500 504 3638 negcnlfflisupremum,
515 3560 749 3634 velproximum,
761 3556 808 3611 vel
817 3550 1038 3611 intermedium.
1093 3546 1130 3603 33

159 3645 249 3701 dorol.
269 3643 297 3696 10
311 3639 404 3709 Magis
418 3637 500 3709 patet
514 3646 608 3706 genus
617 3644 706 3703 quam
720 3627 842 3701 specics.
1094 3616 1130 3674 33
