2650 4242
208 229 276 296 ,170
522 248 701 292 saevissimi
722 246 924 290 errriosornne

215 358 402 436 preditum3
418 359 508 428 item,
525 360 646 423 animal
670 363 900 439 cognoscimus
923 363 961 420 ul
986 359 1100 420 vivens
1130 371 1233 418 sensu

215 439 398 516 preditum.
414 440 535 502 Alista
551 440 759 502 definitiones
775 444 969 518 competunt
983 434 1232 500 omnibusindi-

215 519 321 582 viduis
335 521 396 581 sub
412 521 524 597 specie
539 526 596 582 aut
618 537 743 600 genere
770 520 942 590 contentis,
965 535 1003 581 ac
1018 516 1161 595 proinde
1178 532 1232 576 ex-

174 676 176 679 ,
216 601 363 676 primunt
374 603 410 663 icl
424 601 510 676 qnod
536 605 579 661 est
606 601 845 661 constitutivum
871 600 972 677 ipsius
1002 614 1076 659 esse
1101 611 1231 656 eorum.

216 681 301 757 Ergo
315 695 427 740 rerum
440 680 636 740 naturalium
651 683 812 746 essentia,
830 695 899 758 que
911 681 1000 742 bisce
1012 676 1232 753 conceptibus

217 764 502 836 representantur,
520 776 587 820 non
601 764 678 820 sunt
692 760 788 822 nobis
803 776 935 836 prorsus
950 761 1081 838 ignote.

258 840 408 900 Secundo
417 855 524 914 pars:
543 842 766 900 Verumtamen
789 841 919 902 nonnisi
937 836 1127 914 imperfecte
1140 833 1233 896 mul-

217 926 268 979 tas
289 919 440 980 essentias
461 921 690 994 accrescimus.

245 999 429 1059 Probatur.
447 997 632 1059 Intellectus
647 1013 700 1060 ros
715 999 881 1060 naturales
898 1010 1101 1077 cognoscere
1113 993 1233 1070 nequit
1305 1037 1306 1060 i

217 1078 281 1138 nisi
293 1078 439 1139 sensibili
454 1079 668 1154 perceptione
678 1079 823 1156 juvetur.
840 1080 937 1155 Atqui
951 1076 1106 1138 sensitiva
1118 1071 1232 1152 cogni·
1305 1085 1306 1110 ³

219 1160 263 1218 tio
285 1173 353 1218 non
376 1157 507 1236 attingit
528 1159 590 1218 nisi
613 1159 787 1235 qualitates
812 1161 965 1218 externas
988 1160 1045 1216 aut
1064 1153 1233 1233 quosdam

217 1237 369 1305 effectus,
384 1254 451 1298 non
467 1234 579 1297 autem
591 1237 698 1314 ipsam
722 1238 911 1299 essentiam.
928 1238 1011 1314 Ergo
1026 1234 1231 1303 intellectus,

219 1319 274 1395 qui
291 1317 505 1377 essentiarum
521 1316 709 1392 hujusmodi
723 1316 871 1379 notitiam
891 1317 1144 1378 determinatam
1168 1327 1234 1388 ope

215 1401 470 1474 perceptionum
483 1397 688 1458 sensibilium
702 1397 851 1474 acquirit,
866 1396 995 1458 nonnisi
1010 1410 1070 1472 per
1084 1393 1235 1470 aliquam

217 1478 501 1549 ratiocinationem
516 1474 558 1536 ad
568 1493 688 1537 earum
712 1477 935 1556 cognitionem
953 1474 1128 1552 pertingit;
1148 1488 1234 1550 qua·

218 1559 354 1633 propter
368 1554 559 1632 imperfecte
574 1572 631 1618 eas
647 1558 828 1633 cognoscit.

258 1635 330 1697 279.
346 1669 385 1678 -
400 1636 579 1696 scholium.
609 1638 638 1697 l⁰
662 1637 852 1697 intellectus
874 1635 1060 1695 immediate
1085 1637 1116 1692 et
1130 1631 1231 1690 inini-

218 1717 281 1776 tioe
303 1731 372 1776 non
395 1716 526 1793 attingit
548 1717 679 1777 intimos
701 1732 811 1776 rerum
833 1715 1029 1776 naturalium
1053 1712 1231 1778 essentias,

220 1810 342 1872 nempe
358 1795 555 1872 completam
571 1799 603 1855 et
617 1794 804 1872 specificam
821 1797 1013 1862 essentiane
1030 1791 1091 1852 sed
1110 1789 1234 1850 adhoc
1306 1847 1307 1874 3

221 1879 297 1954 egei
313 1873 462 1952 diligenti
477 1875 680 1951 experientia
695 1879 727 1936 et
749 1875 930 1937 ratiocinio.
946 1876 978 1935 2⁰
993 1874 1234 1932 Verumtamen
1306 1893 1307 1896 ¹

218 1953 409 2015 immediate
425 1970 482 2014 eas
497 1956 636 2031 percipit
649 1956 711 2016 sub
727 1955 837 2032 aliqua
850 1957 976 2017 ratione
991 1949 1234 2014 universaliore

221 2038 255 2094 et
268 2033 533 2105 indeterminata,
549 2040 640 2111 puta,
661 2035 723 2096 sub
748 2036 875 2095 ratione
900 2035 994 2103 entis·
1010 2035 1061 2092 rei
1075 2035 1132 2092 aut
1156 2029 1232 2090 snb·

214 2115 306 2188 jacti,
333 2118 396 2174 etc.
423 2116 523 2193 igilur
547 2119 659 2175 nostra
685 2115 829 2192 cognitio
847 2128 962 2175 eorum
977 2128 1047 2189 que
1064 2126 1139 2172 esse
1156 2107 1233 2170 inti·

218 2208 311 2253 mum
325 2210 432 2254 rerum
448 2195 648 2255 naturalium
663 2196 865 2256 constituunt
879 2210 946 2255 non
969 2197 1018 2253 est
1032 2189 1185 2251 intuitiva
1203 2191 1237 2250 et

220 2288 239 2332 a
252 2273 363 2349 priori,
379 2272 441 2334 sed
456 2274 614 2352 arguiliva
629 2277 663 2334 et
677 2273 899 2350 aposteriori:
915 2270 950 2333 fit
966 2287 1030 2348 ope
1045 2269 1236 2347 proprieta-

220 2357 290 2412 tum
305 2369 387 2430 quas
401 2370 519 2414 sensus
533 2352 693 2422 referunt,
710 2358 742 2415 et
755 2352 923 2415 mediante
938 2351 1121 2412 ratiocinio.

259 2433 380 2493 Verum
404 2434 431 2494 si
459 2450 525 2494 non
549 2437 706 2513 ageretur
729 2433 771 2494 de
795 2433 946 2494 essentiis
969 2445 1080 2492 rerum
1101 2432 1236 2490 natura·

219 2511 310 2583 lium,
326 2513 387 2574 sed
403 2513 629 2574 tantummodo
645 2510 687 2574 de
704 2513 854 2574 essentiis
877 2527 988 2574 rerum
1012 2511 1142 2572 illarum
1163 2523 1236 2586 que

219 2593 261 2652 ab
275 2590 446 2654 intellectu
459 2593 602 2653 humano
628 2592 853 2662 eitormantur,
879 2592 972 2653 aliter
987 2589 1168 2651 dicendum
1181 2585 1233 2648 fo·

219 2675 281 2742 ret,
297 2676 334 2732 ut
348 2689 458 2749 perse
473 2677 565 2750 patet
581 2692 588 2732 :
605 2687 719 2733 earum
736 2673 944 2734 constitutiva
966 2685 1061 2730 mens
1074 2673 1234 2748 ignorare
1307 2701 1308 2740 ;

219 2752 348 2828 nequit.
739 2773 741 2776 ·
848 2763 849 2768 ’

397 2883 454 2933 ill.
466 2883 504 2934 De
516 2883 684 2933 essentiarum
698 2880 893 2948 intelligibilium
909 2879 1022 2931 dotibus·

220 3069 465 3209 billijgrzasrs
489 3073 526 3134 ll.
551 3073 701 3133 essentie
724 3069 943 3147 intelligibiles
967 3084 1078 3131 rernm
1091 3070 1165 3128 sunt
1180 3065 1235 3153 in-

283 3165 356 3211 raim
377 3167 447 3212 aas.

261 3309 359 3368 Nota.'
379 3309 447 3368 tstae
461 3309 620 3370 'essentie
640 3324 709 3369 non
734 3308 888 3370 dicuntur
901 3305 1128 3376 indivisibiles,
1158 3301 1235 3379 quia

221 3387 398 3463 simplices,
417 3404 491 3449 cum
506 3391 570 3450 sint
585 3389 772 3464 compositae
786 3393 902 3466 utpote
918 3386 1101 3449 definibiles
1118 3381 1232 3444 defini·

222 3466 310 3527 tione
325 3467 456 3543 proprie
481 3466 567 3529 dicta
593 3484 654 3528 seu
679 3484 869 3548 exgenere
893 3471 927 3528 et
952 3466 1155 3535 differentia;
1173 3459 1233 3523 sed

221 3551 310 3686 sunt1
311 3545 535 3686 ἰῐὲᾰίνίεὼίῑθε,
552 3550 629 3625 quia
642 3548 801 3628 principia
818 3563 932 3610 eorum
956 3546 1158 3626 conjunctim
1176 3557 1234 3604 su-

222 3626 267 3686 mi
312 3642 329 3687 e
356 3630 422 3687 ent.
