2650 4242
444 226 563 288 268
1053 242 1414 286 sinivi-mmm
1457 240 1862 284 PHILOSOPHIAE

515 364 577 415 2⁰
636 362 830 415 Genus
863 359 1161 429 superius
1208 358 1367 414 ultra
1397 358 1807 413 subalternum
1829 356 2176 411 extenditur
2230 369 2298 409 ac

442 429 690 503 proinde
717 428 1032 500 praedicari
1059 432 1255 500 potest
1286 430 1361 484 de
1387 430 1663 484 omnibus
1693 428 2076 501 inferioribus
2107 397 2302 482 subal-

442 503 634 558 ternis
665 521 678 555 :
710 500 1087 571 paucioribus
1107 501 1266 554 enim
1296 502 1455 555 notis
1484 502 1740 555 constat.
1771 502 1956 556 Hinc:
1983 513 2092 567 qao
2112 500 2304 566 major

443 578 521 627 est
548 574 789 626 extensio
817 587 874 624 eo
907 574 1096 625 minor
1122 573 1185 637 sit
1214 572 1638 639 comprehensio,

512 642 851 698 Abstractio
893 645 985 697 est
1032 641 1297 723 operatio
1346 641 1562 695 mentis
1602 655 1721 711 qua
1748 641 1972 699 relictis
2001 638 2300 708 aliquibus

446 714 603 769 notis
632 711 941 782 cujusdam
961 714 1219 767 notionis
1239 712 1580 783 complexae,
1604 712 1735 766 aliae
1757 713 2006 767 seorsim
2031 708 2304 765 conside-

446 786 681 853 rantur,
713 798 846 853 quae
874 782 1123 852 proinde
1152 784 1394 837 notione
1413 782 1513 837 illa
1543 782 1730 850 magis
1759 782 2088 853 composita
2107 794 2298 850 gene-

443 854 693 910 raliores
720 853 1000 908 evadunt.

1200 951 1596 1007 ARTIGULUS
1627 952 1719 1007 IV.

802 1057 874 1110 De
904 1057 1170 1109 divisione
1196 1058 1550 1124 judiciorum
1577 1062 1626 1109 et
1651 1058 2111 1125 propositionum.

666 1162 710 1210 1.
738 1161 818 1211 De
860 1158 1195 1209 divisionibus
1226 1174 1344 1223 quae
1363 1159 1650 1271 judipiistet
1677 1159 2113 1225 propositionibus
2139 1158 2294 1208 simul

1299 1236 1480 1287 compe
1509 1238 1576 1270 un
1608 1262 1620 1276 .

508 1323 786 1377 IRatione
818 1324 1063 1375 materiae
1101 1323 1395 1389 promimae,
1453 1322 1783 1393 propositio
1823 1324 1916 1378 est
1954 1325 2295 1392 necessaria,

440 1391 541 1447 vel
567 1394 950 1463 impossibiliS,
980 1392 1079 1447 vel
1106 1394 1446 1460 continyenS.
1860 1404 1863 1409 ·

508 1464 801 1518 IIRatione
829 1466 1077 1516 materia
1106 1467 1323 1527 remotae
1365 1476 1469 1517 seu
1515 1464 1934 1530 terminorum,
1965 1462 2301 1533 propositio

450 1536 544 1588 est
570 1533 670 1588 vel
696 1535 947 1601 simplem,
980 1532 1078 1589 vel
1097 1536 1410 1599 composita,
1439 1534 1776 1604 Composita
1793 1538 1887 1589 est
1905 1534 2004 1590 vel
2025 1536 2299 1589 conditio-

442 1606 613 1673 naliS,
635 1604 733 1658 vel
753 1607 1088 1672 copulativa,
1122 1603 1219 1658 vel
1248 1605 1607 1676 disjunctiva,
1657 1606 1757 1662 vel
1785 1608 2050 1660 causalis,

491 1676 578 1743 ῪΙΙΙ
589 1676 816 1729 Ratione
835 1676 1027 1743 formae
1044 1688 1153 1744 pro
1198 1675 1372 1729 ositio
1391 1678 1484 1729 est
1527 1677 1878 1744 affirmativa
1890 1677 1987 1732 vel
2011 1677 2294 1742 neqativa.

444 1745 736 1813 Negativa
757 1759 991 1816 semper
1017 1759 1143 1814 prae
1188 1745 1410 1800 icatum
1431 1746 1760 1802 universale
1780 1748 1975 1817 habet,
2000 1747 2139 1815 quia
2153 1746 2298 1800 uni-

442 1817 668 1871 versim
717 1816 1068 1871 attributum
1116 1819 1386 1870 removet
1421 1832 1467 1875 a⁴
1500 1817 1786 1889 subjecto,
1836 1821 1899 1873 In
1935 1816 2296 1872 affirmativa

440 1900 588 1940 vero
615 1886 1003 1955 praedicatum
1030 1886 1382 1957 plerumque
1411 1890 1502 1957 est
1528 1889 1909 1957 particulare.

512 1958 583 2013 IV
610 1958 841 2011 Ratione
887 1960 1237 2027 extensionis,
1259 1960 1588 2028 propositio
1600 1958 1887 2014 dividitur
1905 1960 1968 2013 in
1987 1961 2295 2012 universa-

444 2029 571 2098 lem,
596 2030 1031 2095 particularem,
1070 2029 1425 2094 indefinitam
1445 2042 1549 2084 seu
1569 2046 1935 2102 communem,
1949 2032 2010 2084 et
2029 2031 2297 2096 sinqula-

443 2112 581 2150 rem.
616 2099 893 2154 Extensio
920 2098 1344 2168 propositionis
1374 2113 1607 2169 semper
1635 2102 1959 2171 repetenda
1976 2104 2069 2154 est
2087 2115 2163 2154 ex
2183 2114 2289 2155 so-

442 2167 504 2221 lo
533 2168 819 2240 subjectO,
852 2183 991 2224 nam
1018 2168 1211 2223 forma
1237 2170 1659 2240 propositionis
1679 2174 1915 2227 tantum
1945 2186 2008 2227 se
2035 2172 2299 2241 porrigit

441 2240 729 2307 quantum
758 2240 1091 2308 subjectum
1108 2241 1291 2309 patet.

510 2311 561 2365 V
598 2310 897 2364 Praeterea
930 2309 1370 2380 propositiones
1399 2312 1577 2368 etiam
1625 2310 1976 2367 dividuntur
2012 2312 2075 2366 in
2105 2314 2301 2367 moda-

442 2380 517 2432 les
538 2382 600 2434 et
617 2383 966 2453 erponibileS,
990 2395 1123 2449 quae
1143 2385 1283 2439 sunt
1304 2383 1401 2437 vel
1421 2386 1728 2455 emolusz’vae,
1752 2384 1849 2438 vel
1871 2385 2172 2454 eoeceptivae‚
2197 2384 2298 2438 vel

441 2450 872 2519 reduplicativae.
1928 2515 1935 2519 ,

514 2523 587 2577 VI
614 2523 698 2576 Ex
727 2525 997 2576 relatione
1025 2525 1176 2591 siyni
1194 2525 1269 2577 ad
1288 2539 1407 2578 rem
1435 2526 1830 2595 siqnisicatam,
1852 2524 2184 2597 propositio
2202 2527 2299 2581 est

440 2606 573 2645 vera
603 2594 706 2647 aut
733 2594 903 2661 falsa.

795 2707 859 2755 11.
890 2708 966 2757 De
995 2706 1334 2758 divisionibus
1363 2724 1474 2773 quae
1497 2708 1692 2773 judicio
1718 2712 1842 2759 sunt
1871 2710 2114 2776 propriae.

514 2811 860 2892 lJudicium
890 2819 982 2870 est
1011 2830 1045 2869 a
1088 2819 1295 2887 priori,
1328 2818 1427 2872 vel
1484 2834 1517 2873 a
1551 2817 1871 2886 posteriori.¹
1921 2820 2221 2877 Judicium
2261 2838 2298 2878 a

438 2883 1021 2964 priori-mominatur
1048 2887 1228 2942 etiam
1249 2902 1490 2957 purum,
1523 2890 2059 2962 analyticum,etc.;
2093 2908 2128 2947 a
2155 2908 2301 2964 pos-

445 2954 650 3007 teriori
686 2971 830 3011 wiri]
854 2971 943 3009 em
989 2957 1222 3026 iricum,
1256 2959 1680 3030 syntheticum‚
1712 2962 1826 3016 etc.

445 3099 462 3147 l
514 3027 554 3075 ll
586 3027 610 3075 ,Ι
614 3043 630 3147 1ι
638 3023 746 3079 ielis:
758 3027 802 3147 ila
830 3041 938 3081 ana
962 3028 1121 3097 ytica
1158 3029 1256 3083 vel
1275 3030 1614 3098 synthetica
1636 3034 1777 3086 sunt
1797 3031 1978 3087 etiam
2003 3035 2301 3089 immedia-

470 3111 502 3147 εῑ
538 3111 606 3147 ri]
666 3115 754 3147 mu·
790 3103 923 3153 suta.

470 3235 478 3243 „
518 3167 694 3219 issezsrrsl,
730 3167 952 3222 ludicia
980 3168 1321 3223 immediata
1350 3184 1458 3240 per
1480 3185 1544 3225 se
1571 3170 1875 3227 evidentia
1893 3176 1954 3229 et
1980 3175 2300 3231 universa-

445 3235 538 3303 lia,
574 3235 854 3291 dicuntur
881 3239 1195 3295 axiomata.
1221 3240 1370 3295 Hinc
1383 3241 1607 3311 judicia
1637 3244 1934 3313 analytica
1953 3246 2300 3313 immediata

441 3319 674 3375 ssttvipffl·
709 3311 842 3359 sunt
874 3310 1183 3382 axiomata,
1229 3312 1370 3365 dum
1401 3314 1759 3385 synthetica,
1791 3317 1905 3370 etsi
1934 3316 2296 3390 immediata,

441 3391 558 3431 nun
594 3383 730 3431 siml
766 3393 997 3448 stimper
1016 3382 1332 3452 axiomata,
1366 3382 1439 3437 ob
1471 3383 1767 3439 defectum
1797 3386 2296 3461 universalitatis,

441 3463 622 3515 quam
666 3451 858 3503 tamaii
882 3464 991 3518 ope
1019 3450 1378 3506 inductionis
1400 3452 1643 3524 adipisci
1670 3460 1939 3525 possunt.

2405 565 2468 645 34

2403 1888 2471 1942 36

2403 2242 2470 2297 36

2405 2454 2472 2650 Ξέἓῖ

2405 2967 2469 3021 38

2404 3108 2470 3164 38

2401 3461 2464 3517 38
