2650 4242
236 234 296 299 274
550 252 728 297 santissimi
749 252 951 313 curiosorum

254 365 358 445 ‚ilatio
372 365 409 420 ob
423 381 513 435 quam
527 366 662 421 nonnulli
677 367 756 421 circa
770 370 909 422 naturam
923 365 1107 422 inductionis
1122 363 1172 419 de-

227 437 422 561 'cqililtlittitim
439 510 480 563 ΒΘ
493 505 664 588 inductione
674 507 705 563 iu
714 508 849 563 Mathesi.
1060 485 1063 491 ⁵
1218 440 1249 564 ii

270 578 310 631 ΒΘ
324 590 466 647 processu
476 578 623 647 analytice
637 579 668 632 et
683 578 857 648 synthetioo.
1219 582 1248 634 78

618 690 815 745 ARTICULUS
834 691 866 747 11.

649 782 686 859 Dc
699 806 834 873 synthesi.

225 901 227 907 ’
268 900 423 969 Synthesis
437 899 595 969 componit.
612 900 715 954 Potest
729 898 911 955 considerari
923 905 1014 971 prout
1028 899 1112 956 ideas
1127 902 1168 956 at-

233 969 304 1042 neit,
321 974 351 1026 et
364 970 552 1041 potissimum
565 970 596 1025 in
607 970 737 1041 judiciis
1216 974 1245 1027 78

495 1082 513 1142 5
528 1079 548 1132 l.
564 1080 604 1133 ΒΘ
619 1076 754 1146 synthesi
767 1076 799 1131 in
813 1077 985 1133 ratiociniis.

267 1180 476 1251 Ratiociuium,
491 1183 580 1237 effato
594 1183 701 1235 dietum
716 1183 747 1235 de
761 1184 840 1235 omni
853 1182 968 1252 nititur,
985 1197 1106 1253 semper
1128 1182 1166 1237 ad

231 1252 449 1309 contlusionem
463 1254 558 1321 magis
569 1252 780 1323 particularem
794 1250 924 1324 devenit,
940 1268 974 1308 ac
986 1252 1114 1324 proinde
1129 1253 1166 1309 ad

230 1323 397 1393 synthesim
409 1322 550 1392 pertinet.
566 1327 591 1377 A
605 1322 724 1378 fortiori
736 1321 961 1395 demonstratio,
972 1339 1040 1395 quse
1054 1324 1165 1379 seriem

230 1394 453 1449 ratiociniorum
467 1392 684 1463 complectitur.
1216 1398 1246 1451 80

431 1491 448 1551 §
462 1488 493 1541 ll.
509 1490 550 1542 ΒΘ
563 1487 746 1557 syllogistica
760 1485 930 1559 disputandi
944 1488 1049 1544 forma.

265 1596 334 1650 Haec
343 1592 499 1647 methodus
510 1593 685 1648 scholastica
695 1593 775 1663 leges
790 1594 968 1649 determinat
979 1594 1087 1665 quibus
1097 1598 1163 1651 tum
1311 1658 1312 1669 χ

229 1664 416 1721 defendentis
430 1678 539 1717 munus
552 1667 617 1719 tum
631 1665 785 1733 arguentis
800 1664 930 1719 officium
943 1666 1070 1735 regitur.
1214 1670 1242 1723 81
1311 1676 1312 1685 ’

264 1734 429 1791 Defendens
452 1733 540 1789 dehet
564 1736 593 1789 1⁰
616 1738 827 1803 argumentum
852 1734 981 1796 fideliter
1011 1738 1161 1807 repetere,

229 1810 261 1862 20
275 1804 391 1875 singula
405 1804 553 1859 ratiocinii
568 1806 715 1860 elementa
735 1806 861 1860 seorsim
884 1821 918 1861 ac
942 1806 1102 1876 diligenter
1116 1808 1162 1862 ri-

230 1877 316 1947 mari,
332 1874 552 1947 distinguendo,
569 1876 715 1947 negando,
730 1876 928 1940 concedendo,
949 1880 1005 1931 eet.
1213 1881 1245 1933 82
1312 1839 1313 1933 i

261 1950 408 2015 arguens,
424 1947 520 2015 primo
534 1949 712 2016 argumento
727 1946 818 2002 semel
829 1948 992 2018 proposito,
1007 1946 1045 2001 ad
1054 1946 1162 2004 deien—
1312 1952 1313 1955 ’

228 2017 326 2074 dentis
339 2016 563 2085 responsionem
578 2015 734 2071 attendere
752 2017 849 2089 debet,
866 2021 972 2089 negata
994 2018 1160 2091 probando,

228 2087 433 2145 distinctiones
447 2088 660 2159 impugnando,
676 2091 733 2143 etc.
1212 2092 1244 2146 82

263 2161 332 2213 Haec
346 2156 503 2212 methodus
518 2158 556 2212 ad
570 2158 736 2228 synthesim
750 2160 919 2213 revocatur.
1080 2162 1082 2168 ‘
1212 2164 1244 2217 83
1313 2226 1314 2229 Ἴ

535 2268 554 2329 5
567 2264 609 2318 111.
626 2266 668 2318 De
681 2261 943 2319 demonstratione.

584 2362 605 2411 1.
617 2361 683 2422 Quid
696 2366 722 2411 et
736 2361 879 2427 quotuplex.
959 2398 963 2403 -

262 2454 471 2509 Demonstrare
485 2454 532 2506 est
544 2454 673 2521 probare
682 2450 829 2521 judicium
843 2466 918 2524 esse,
935 2454 1013 2509 sicut
1023 2456 1158 2512 effertur.

199 2524 202 2527 ’
261 2523 387 2580 Ratione
401 2526 535 2592 materia,
551 2522 765 2578 demonstratio
780 2526 827 2577 est
841 2525 993 2589 apodictica
1016 2526 1065 2581 vel
1088 2540 1160 2593 apo-

226 2597 331 2676 yoytcc²
346 2609 364 2648 a
378 2594 469 2662 priori
484 2593 562 2648 vela
576 2595 733 2661 posteriori,
750 2594 877 2647 absoluto
891 2594 941 2649 vel
954 2598 1083 2650 retutioa.
1101 2599 1160 2652 Da·

226 2670 276 2792 {ilar
290 2668 379 2790 etiaifrrl
393 2680 532 2732 repressus
545 2665 779 2718 demonstrativus
794 2664 846 2733 qui
869 2678 886 2719 a
910 2669 1015 2721 circulo
1036 2668 1160 2739 proprie

249 2736 306 2791 'cto
319 2737 350 2791 di
372 2738 428 2790 ert.

467 2827 499 2877 ΙΙ.
515 2828 553 2877 De
566 2826 746 2893 terminologia
759 2829 1007 2881 mathematicorum.
1046 2900 1051 2905 .

262 2938 303 2990 ΒΘ
324 2932 476 2989 vocabulis
498 2932 531 2987 in
554 2930 857 2990 demonstrationibus
879 2936 1160 2994 mathematicorum

226 3003 374 3061 adhibitis.

351 3115 398 3165 ill.
416 3116 455 3165 Dc
466 3113 590 3163 methodo
602 3112 756 3176 perfectiore
770 3112 798 3163 iu
810 3114 938 3165 tradentis
950 3113 1073 3169 scientiis.
1093 3154 1096 3159 -

607 3197 806 3252 ARTIGULUS
820 3198 863 3252 111.

648 3310 686 3363 ne
700 3311 827 3363 scientio.

561 3421 614 3485 §L
633 3419 709 3485 Quid
725 3420 764 3475 sit
779 3419 920 3476 seientia?

263 3528 408 3588 Definitur
422 3527 545 3583 scientia
560 3546 568 3583 :
584 3530 716 3597 systema
729 3529 885 3586 notionum
899 3545 967 3601 quae
976 3533 1054 3589 cirea
1064 3549 1158 3593 unum

229 3602 380 3673 ohJectum
394 3601 564 3656 versantur.
578 3598 624 3654 Ad
638 3600 792 3657 seientiam
809 3601 974 3673 requiritur
996 3604 1026 3659 1⁰
1049 3604 1159 3677 dogma
