2650 4242
370 299 374 304 ’
479 333 595 378 nocicla
615 329 690 378 11113
710 332 732 375 1.
1098 315 1118 376 3

98 453 206 513 aetatis
232 471 240 512 :
266 449 343 512 hinc
366 448 576 526 Philosophia
590 449 779 510 3111311333.
800 447 1117 526 llaec'Philosophia,

98 546 173 592 cum
200 528 299 594 fuerit
327 546 345 590 a
372 528 575 590 scholasticis
599 527 717 589 ordine
741 531 955 607 systematico
973 527 1115 607 digesta,

96 610 181 690 stylo
196 607 355 672 severiori
371 608 531 687 exposita,
544 625 583 669 ac
597 606 738 685 proinde
758 607 801 668 ad
822 607 961 669 formam
984 607 1116 686 perfec·

98 690 257 751 tissimam
271 689 428 753 adducta.
444 689 562 749 merito
578 691 716 750 vocatur
729 688 931 749 scholastico.

138 769 245 848 Hujus
272 768 489 846 Philosophiae
518 767 722 828 scholasticae
752 767 917 828 elementa
945 766 1116 830 tradimus.

97 849 177 914 Hinc
191 849 305 911 titulus
315 853 447 910 noster:
461 848 671 909 Brcufcrc‘u'm
681 847 896 922 Philosophia
908 847 1116 910 scholastica

343 1018 361 1079 5
377 1013 414 1069 Il.
430 1015 520 1067 -De
535 1011 666 1093 utilitate
680 1011 884 1082 Philosophiae.

138 1165 169 1224 4.
186 1162 447 1238 —Philosophia
463 1159 663 1223 considerari
677 1165 788 1237 potest
814 1182 821 1222 :
851 1165 880 1224 10
894 1161 928 1221 in
943 1162 1059 1225 ordine
1075 1163 1119 1226 ad

99 1244 179 1308 alias
194 1240 725 1318 3313311331133333131133111113
741 1257 840 1318 quem
854 1240 982 1325 perficit
997 1251 1029 1304 et
1044 1243 1119 1306 diri·

97 1327 158 1404 git,
174 1324 323 1384 30131313
338 1321 381 1382 ad
394 1320 495 1382 fidem
509 1322 689 1381 revelatam
704 1322 755 1380 cui
775 1321 897 1394 utiliter
913 1321 1067 1397 deservit,
1085 1327 1120 1385 31

99 1420 143 1466 ex
155 1404 219 1465 hoc
235 1402 351 1479 triplici
366 1402 472 1477 capite
488 1397 718 1462 manifestatur
734 1401 805 1478 ejus
821 1401 955 1461 utilitas.

140 1486 165 1544 10
179 1481 385 1558 Philosophia
400 1486 450 1541 est
464 1480 637 1541 utilissima
651 1478 694 1539 ad
709 1480 788 1541 alias
803 1480 957 1542 scientias
982 1481 1116 1543 discen-

99 1563 171 1624 das.
187 1564 244 1623 Est
267 1561 355 1623 utilis
378 1580 385 1622 :
415 1563 443 1622 10
467 1558 510 1621 ad
533 1559 688 1621 scientias
712 1560 936 1636 speculativos.
952 1561 1015 1622 Dat
1029 1563 1119 1623 enim

99 1639 835 1721 utgeneralioremverinotionemquemaliae
845 1640 992 1700 scientiae
1001 1656 1119 1717 specu-

98 1723 208 1784 lativae
224 1723 320 1783 alicui
333 1735 412 1780 vero
428 1719 614 1796 particulari
629 1719 811 1796 applicant;
829 1720 847 1777 11
850 1718 864 1793 1
879 1721 1073 1781 methodum
1085 1727 1120 1783 et
1206 1752 1209 1756 ·

97 1803 194 1880 leges
210 1799 418 1880 cognitionis,
434 1816 473 1859 ac
488 1797 626 1877 proinde
650 1799 906 1858 instrumentum
922 1804 956 1860 et
970 1816 1120 1863 normam

99 1881 292 1960 suppeditat
304 1879 422 1964 quibus
439 1877 566 1940 diversa
580 1891 705 1955 genera
719 1879 946 1956 cognitionum
961 1880 1002 1939 ad
1014 1882 1119 1942 scien·

100 1965 163 2024 tias
174 1961 389 2038 particulares
407 1956 654 2020 constituendas
670 1956 891 2018 adducuntur.
910 1960 994 2036 Ergo
1011 1960 1118 2023 Philo·

52 2073 53 2078 *
99 2041 228 2119 sophia,
242 2054 316 2118 quae
333 2037 388 2099 dat
399 2037 549 2099 notitiam
561 2037 640 2109 veri,
651 2037 845 2099 methodum
861 2045 893 2098 et
906 2039 1000 2117 leges
1012 2041 1120 2120 cujus·

100 2136 167 2199 que
183 2120 335 2192 scientiae,
352 2120 403 2179 est
416 2117 504 2179 utilis
512 2115 562 2178 'ad
575 2117 728 2179 scientias
739 2117 959 2194 speculativas
972 2119 1120 2185 ediscen-

100 2203 172 2262 das.
504 2257 508 2263 .

140 2282 172 2341 10
185 2280 258 2341 Nou
271 2279 380 2339 minus
395 2274 483 2337 favet
498 2275 643 2336 scientiis
651 2278 820 2350 practicis.
838 2276 989 2338 Scientiae
1001 2279 1122 2354 practi-

100 2375 149 2420 cae
165 2359 330 2420 actionem
343 2357 522 2417 humanam
537 2354 580 2416 ad
595 2355 744 2416 debitum
757 2354 859 2415 finem
874 2355 1037 2434 dirigunt;
1058 2357 1121 2420 sed

100 2439 237 2500 directio
251 2437 325 2498 11333
338 2436 582 2513 generaliorem
595 2435 720 2497 ordinis
736 2438 769 2495 31
782 2436 861 2495 honi
874 2437 1043 2498 notionem
1057 2437 1122 2500 sub

99 2518 229 2590 11331111·
243 2532 376 2578 necnon
392 2514 615 2594 cognitionem
630 2520 758 2576 naturae
780 2515 904 2574 entium
929 2531 1006 2593 quae
1028 2523 1121 2582 recte

101 2598 198 2677 dirigi
224 2595 365 2658 dehent..
384 2596 483 2672 Atqui
506 2595 579 2654 haec
606 2594 717 2655 omnia
738 2598 877 2672 praestat
899 2595 1119 2675 Philosophia.

99 2679 186 2754 Ergo
201 2675 409 2752 Philosophia
423 2679 474 2735 est
489 2673 589 2734 etiam
602 2674 791 2735 necessaria
806 2673 849 2734 ad
863 2675 1017 2738 scientias
1027 2694 1122 2754 prar=

100 2759 183 2820 11333
196 2753 440 2834 percipiendas.

4 2887 7 2894 .
142 2839 179 2900 ll.
196 2835 404 2912 Philosophia
420 2837 470 2894 331
483 2831 571 2894 utilis
588 2851 595 2893 :
614 2834 644 2893 10
657 2832 781 2893 homini
789 2835 947 2908 priuatim
970 2841 1121 2912 spectaco,

100 2918 135 2978 in
150 2919 311 2995 quantum
325 2912 453 2990 perficit
478 2912 585 2989 ipsam
598 2912 777 2973 humanam
795 2917 957 2973 naturam.
973 2915 1120 2978 Philoso-

101 2997 180 3074 phia
203 2996 292 3057 enim
312 2992 440 3070 perficit
462 2992 642 3054 nobiliores
663 2991 805 3052 hominis
818 2989 1005 3067 facultates,
1021 2997 1121 3058 intel·

100 3079 226 3139 lectum
234 3075 360 3138 scilicet
372 3076 405 3134 31
414 3072 630 3146 voluntatem,
638 3087 677 3132 ac
687 3069 789 3131 finem
799 3073 946 3150 assignat
956 3075 1121 3149 ultimum,

102 3158 159 3236 qui
175 3159 227 3219 est
240 3157 314 3215 fons
328 3153 427 3215 totius
443 3150 566 3212 ordinis
578 3151 723 3214 moralis.
735 3151 834 3228 Atqui
848 3151 1007 3227 perfectio
1019 3155 1122 3218 homi·

100 3239 153 3299 uis
166 3234 347 3312 singularis
361 3233 464 3293 oritur
487 3247 529 3292 ex
551 3229 757 3309 perfectione
771 3227 967 3293 facultatum
980 3235 1124 3296 nobilio-

101 3333 187 3387 rum,
202 3329 335 3376 necnon
360 3327 401 3374 ex
423 3315 516 3373 recta
539 3309 746 3374 ordinatione
768 3308 811 3370 ad
826 3308 938 3385 finem,
954 3316 1123 3393 praecipue

101 3396 267 3491 ultimum.
282 3393 366 3472 Ergo
381 3389 589 3469 Philosophia
604 3393 655 3452 est
664 3389 752 3451 utilis
762 3390 898 3466 homini,
909 3391 1007 3453 etiam
1016 3395 1123 3472 priva·

103 3481 257 3617 mgffigtc
260 3476 351 3614 111ξῖ13
362 3521 465 3618 3131111
476 3549 602 3611 sociali.
617 3549 746 3611 Etenim
759 3546 919 3624 perfectio
944 3548 1048 3614 3131113
1066 3568 1121 3614 so·

106 3634 196 3698 ciclis
209 3631 334 3712 pendet
349 3643 390 3692 ex
403 3631 549 3709 genuina
562 3627 687 3689 ordinis
700 3627 825 3706 politici
836 3633 870 3691 et
882 3632 1009 3690 naturae
1020 3632 1124 3694 socia·
1174 3657 1179 3661 ·

104 3715 144 3778 lis
156 3711 302 3777 hominis
315 3709 442 3783 notitia,
457 3708 541 3771 sicut
556 3723 597 3770 ex
611 3711 705 3772 recto
727 3708 898 3786 potestatis
914 3713 948 3771 et
961 3709 1123 3775 ohedien-
