<?xml version="1.0" encoding="UTF-8"?>
<!DOCTYPE html PUBLIC "-//W3C//DTD XHTML 1.0 Transitional//EN"
    "http://www.w3.org/TR/xhtml1/DTD/xhtml1-transitional.dtd">
<html xmlns="http://www.w3.org/1999/xhtml" xml:lang="en" lang="en">
 <head>
  <title>
</title>
<meta http-equiv="Content-Type" content="text/html;charset=utf-8" />
  <meta name='ocr-system' content='tesseract 3.04.00' />
  <meta name='ocr-capabilities' content='ocr_page ocr_carea ocr_par ocr_line ocrx_word'/>
</head>
<body>
  <div class='ocr_page' id='page_1' title='image "./brevariumphilos01grangoog_0101.png"; bbox 0 0 2650 4242; ppageno 0'>
   <div class='ocr_carea' id='block_1_1' title="bbox 496 255 1132 320">
    <p class='ocr_par' dir='ltr' id='par_1_1' title="bbox 496 255 1132 320">
     <span class='ocr_line' id='line_1_1' title="bbox 496 255 1132 320; baseline 0 -2"><span class='ocrx_word' id='word_1_1' title='bbox 496 276 615 320; x_wconf 73' lang='lat' dir='ltr'>noctem</span> <span class='ocrx_word' id='word_1_2' title='bbox 635 275 709 319; x_wconf 70' lang='lat' dir='ltr'>rins</span> <span class='ocrx_word' id='word_1_3' title='bbox 730 278 751 320; x_wconf 84' lang='lat'>1.</span> <span class='ocrx_word' id='word_1_4' title='bbox 1092 255 1132 318; x_wconf 82' lang='lat'>83</span> 
     </span>
    </p>
   </div>
   <div class='ocr_carea' id='block_1_2' title="bbox 159 385 1198 470">
    <p class='ocr_par' dir='ltr' id='par_1_2' title="bbox 159 385 1198 470">
     <span class='ocr_line' id='line_1_2' title="bbox 159 385 1198 470; baseline -0.003 -17"><span class='ocrx_word' id='word_1_5' title='bbox 159 389 228 453; x_wconf 73' lang='lat'><strong>129.</strong></span> <span class='ocrx_word' id='word_1_6' title='bbox 254 423 293 434; x_wconf 87' lang='lat'>-</span> <span class='ocrx_word' id='word_1_7' title='bbox 320 390 390 452; x_wconf 81' lang='lat' dir='ltr'>Hac</span> <span class='ocrx_word' id='word_1_8' title='bbox 417 389 619 470; x_wconf 86' lang='lat' dir='ltr'>syllogistica</span> <span class='ocrx_word' id='word_1_9' title='bbox 645 389 876 468; x_wconf 82' lang='lat' dir='ltr'>disputationis</span> <span class='ocrx_word' id='word_1_10' title='bbox 897 385 1002 450; x_wconf 82' lang='lat' dir='ltr'>torma</span> <span class='ocrx_word' id='word_1_11' title='bbox 1021 387 1137 466; x_wconf 74' lang='lat' dir='ltr'>aliquo.</span> <span class='ocrx_word' id='word_1_12' title='bbox 1196 410 1198 413; x_wconf 93' lang='lat'>·</span> 
     </span>
    </p>
   </div>
   <div class='ocr_carea' id='block_1_3' title="bbox 113 469 1144 948">
    <p class='ocr_par' dir='ltr' id='par_1_3' title="bbox 113 469 1144 948">
     <span class='ocr_line' id='line_1_3' title="bbox 114 469 1137 550; baseline 0.002 -20"><span class='ocrx_word' id='word_1_13' title='bbox 114 471 218 534; x_wconf 91' lang='lat' dir='ltr'>modo</span> <span class='ocrx_word' id='word_1_14' title='bbox 233 475 406 532; x_wconf 88' lang='lat' dir='ltr'>revocatur</span> <span class='ocrx_word' id='word_1_15' title='bbox 425 469 468 538; x_wconf 91' lang='lat' dir='ltr'>ad</span> <span class='ocrx_word' id='word_1_16' title='bbox 496 486 691 548; x_wconf 83' lang='lat' dir='ltr'><strong>processum</strong></span> <span class='ocrx_word' id='word_1_17' title='bbox 716 469 950 550; x_wconf 79' lang='lat' dir='ltr'>symbolicum,</span> <span class='ocrx_word' id='word_1_18' title='bbox 968 473 1137 546; x_wconf 69' lang='lat' dir='ltr'>quatenus,</span> 
     </span>
     <span class='ocr_line' id='line_1_4' title="bbox 113 547 1131 630; baseline -0.002 -20"><span class='ocrx_word' id='word_1_19' title='bbox 113 565 240 628; x_wconf 83' lang='lat' dir='ltr'>nempe</span> <span class='ocrx_word' id='word_1_20' title='bbox 267 554 280 612; x_wconf 95' lang='lat' dir='ltr'>l</span> <span class='ocrx_word' id='word_1_21' title='bbox 318 549 504 630; x_wconf 73' lang='lat' dir='ltr'>generatim</span> <span class='ocrx_word' id='word_1_22' title='bbox 524 553 668 627; x_wconf 80' lang='lat' dir='ltr'>pertinet</span> <span class='ocrx_word' id='word_1_23' title='bbox 690 549 733 610; x_wconf 96' lang='lat' dir='ltr'>ad</span> <span class='ocrx_word' id='word_1_24' title='bbox 752 547 946 611; x_wconf 88' lang='lat' dir='ltr'>methodum</span> <span class='ocrx_word' id='word_1_25' title='bbox 972 549 1131 610; x_wconf 88' lang='lat' dir='ltr'>doctrinae</span> 
     </span>
     <span class='ocr_line' id='line_1_5' title="bbox 114 627 1144 709; baseline 0 -20"><span class='ocrx_word' id='word_1_26' title='bbox 114 645 177 690; x_wconf 91' lang='lat' dir='ltr'>seu</span> <span class='ocrx_word' id='word_1_27' title='bbox 194 631 417 707; x_wconf 79' lang='lat' dir='ltr'>expositionis;</span> <span class='ocrx_word' id='word_1_28' title='bbox 434 632 467 691; x_wconf 79' lang='lat'>2⁰</span> <span class='ocrx_word' id='word_1_29' title='bbox 481 636 644 709; x_wconf 89' lang='lat' dir='ltr'>quatenus</span> <span class='ocrx_word' id='word_1_30' title='bbox 656 630 766 691; x_wconf 91' lang='lat' dir='ltr'>theses</span> <span class='ocrx_word' id='word_1_31' title='bbox 780 633 868 707; x_wconf 91' lang='lat' dir='ltr'>ipsas</span> <span class='ocrx_word' id='word_1_32' title='bbox 881 627 998 702; x_wconf 89' lang='lat' dir='ltr'>firmat,</span> <span class='ocrx_word' id='word_1_33' title='bbox 1017 644 1144 690; x_wconf 72' lang='lat' dir='ltr'>earumv</span> 
     </span>
     <span class='ocr_line' id='line_1_6' title="bbox 113 708 1133 787; baseline 0 -17"><span class='ocrx_word' id='word_1_34' title='bbox 113 711 264 786; x_wconf 89' lang='lat' dir='ltr'>partibus</span> <span class='ocrx_word' id='word_1_35' title='bbox 278 725 395 787; x_wconf 92' lang='lat' dir='ltr'>parum</span> <span class='ocrx_word' id='word_1_36' title='bbox 418 711 510 770; x_wconf 90' lang='lat' dir='ltr'>claris</span> <span class='ocrx_word' id='word_1_37' title='bbox 524 711 635 772; x_wconf 89' lang='lat' dir='ltr'>lucem</span> <span class='ocrx_word' id='word_1_38' title='bbox 650 708 776 781; x_wconf 92' lang='lat' dir='ltr'>dando;</span> <span class='ocrx_word' id='word_1_39' title='bbox 795 715 827 770; x_wconf 89' lang='lat' dir='ltr'>et</span> <span class='ocrx_word' id='word_1_40' title='bbox 841 710 873 770; x_wconf 76' lang='grc' dir='ltr'>3ο</span> <span class='ocrx_word' id='word_1_41' title='bbox 888 715 1051 787; x_wconf 86' lang='lat' dir='ltr'>quatenus</span> <span class='ocrx_word' id='word_1_42' title='bbox 1071 725 1133 785; x_wconf 89' lang='lat' dir='ltr'>per</span> 
     </span>
     <span class='ocr_line' id='line_1_7' title="bbox 113 787 1135 869; baseline 0.001 -20"><span class='ocrx_word' id='word_1_43' title='bbox 113 789 327 869; x_wconf 77' lang='lat' dir='ltr'>syllogismos</span> <span class='ocrx_word' id='word_1_44' title='bbox 349 789 511 866; x_wconf 83' lang='lat' dir='ltr'>procedit,</span> <span class='ocrx_word' id='word_1_45' title='bbox 527 791 561 851; x_wconf 90' lang='lat' dir='ltr'>in</span> <span class='ocrx_word' id='word_1_46' title='bbox 577 789 697 869; x_wconf 91' lang='lat' dir='ltr'>quibus</span> <span class='ocrx_word' id='word_1_47' title='bbox 714 789 886 851; x_wconf 85' lang='lat' dir='ltr'>exordium</span> <span class='ocrx_word' id='word_1_48' title='bbox 902 787 1031 851; x_wconf 88' lang='lat' dir='ltr'>ducitur</span> <span class='ocrx_word' id='word_1_49' title='bbox 1043 805 1063 850; x_wconf 94' lang='lat' dir='ltr'>a</span> <span class='ocrx_word' id='word_1_50' title='bbox 1074 804 1135 869; x_wconf 49' lang='lat' dir='ltr'>ge·¹</span> 
     </span>
     <span class='ocr_line' id='line_1_8' title="bbox 116 871 530 948; baseline 0 -18"><span class='ocrx_word' id='word_1_51' title='bbox 116 871 337 932; x_wconf 88' lang='lat' dir='ltr'>neralioribus</span> <span class='ocrx_word' id='word_1_52' title='bbox 352 871 530 948; x_wconf 86' lang='lat' dir='ltr'>principiis.</span> 
     </span>
    </p>
   </div>
   <div class='ocr_carea' id='block_1_4' title="bbox 395 1017 854 1214">
    <p class='ocr_par' dir='ltr' id='par_1_4' title="bbox 395 1017 854 1214">
     <span class='ocr_line' id='line_1_9' title="bbox 395 1017 854 1088; baseline 0 -14"><span class='ocrx_word' id='word_1_53' title='bbox 395 1021 415 1085; x_wconf 65' lang='grc' dir='ltr'><strong>ἓ</strong></span> <span class='ocrx_word' id='word_1_54' title='bbox 427 1019 470 1074; x_wconf 91' lang='grc'><strong>111.</strong></span> <span class='ocrx_word' id='word_1_55' title='bbox 481 1020 522 1074; x_wconf 90' lang='lat' dir='ltr'>De</span> <span class='ocrx_word' id='word_1_56' title='bbox 536 1017 788 1074; x_wconf 82' lang='lat' dir='ltr'>demonstratione</span> <span class='ocrx_word' id='word_1_57' title='bbox 803 1019 854 1088; x_wconf 90' lang='lat'>(1).</span> 
     </span>
     <span class='ocr_line' id='line_1_10' title="bbox 456 1147 802 1214; baseline 0 -16"><span class='ocrx_word' id='word_1_58' title='bbox 456 1150 476 1198; x_wconf 93' lang='lat'>1.</span> <span class='ocrx_word' id='word_1_59' title='bbox 491 1149 550 1210; x_wconf 86' lang='lat' dir='ltr'>Quit</span> <span class='ocrx_word' id='word_1_60' title='bbox 564 1153 591 1199; x_wconf 91' lang='lat' dir='ltr'>et</span> <span class='ocrx_word' id='word_1_61' title='bbox 604 1149 741 1214; x_wconf 81' lang='lat' dir='ltr'>quotuplex</span> <span class='ocrx_word' id='word_1_62' title='bbox 754 1147 802 1198; x_wconf 82' lang='lat' dir='ltr'>siti</span> 
     </span>
    </p>
   </div>
   <div class='ocr_carea' id='block_1_5' title="bbox 115 1273 1149 3588">
    <p class='ocr_par' dir='ltr' id='par_1_5' title="bbox 115 1273 1140 1911">
     <span class='ocr_line' id='line_1_11' title="bbox 161 1273 1133 1337; baseline 0 -1"><span class='ocrx_word' id='word_1_63' title='bbox 161 1275 230 1336; x_wconf 89' lang='grc'><strong>130.</strong></span> <span class='ocrx_word' id='word_1_64' title='bbox 248 1308 285 1316; x_wconf 85' lang='grc'>-</span> <span class='ocrx_word' id='word_1_65' title='bbox 300 1273 473 1336; x_wconf 89' lang='lat' dir='ltr'>Methodus</span> <span class='ocrx_word' id='word_1_66' title='bbox 499 1281 550 1336; x_wconf 91' lang='lat' dir='ltr'>est</span> <span class='ocrx_word' id='word_1_67' title='bbox 572 1275 655 1336; x_wconf 91' lang='lat' dir='ltr'>ratio</span> <span class='ocrx_word' id='word_1_68' title='bbox 680 1274 872 1337; x_wconf 90' lang='lat' dir='ltr'>inveniendi</span> <span class='ocrx_word' id='word_1_69' title='bbox 895 1279 952 1336; x_wconf 93' lang='lat' dir='ltr'>aut</span> <span class='ocrx_word' id='word_1_70' title='bbox 976 1274 1133 1336; x_wconf 89' lang='lat' dir='ltr'>demons-</span> 
     </span>
     <span class='ocr_line' id='line_1_12' title="bbox 118 1354 1133 1432; baseline -0.001 -17"><span class='ocrx_word' id='word_1_71' title='bbox 118 1355 239 1416; x_wconf 89' lang='lat' dir='ltr'>trandi.</span> <span class='ocrx_word' id='word_1_72' title='bbox 256 1354 355 1415; x_wconf 91' lang='lat' dir='ltr'>Prout</span> <span class='ocrx_word' id='word_1_73' title='bbox 368 1355 540 1432; x_wconf 85' lang='lat' dir='ltr'>speciatim</span> <span class='ocrx_word' id='word_1_74' title='bbox 554 1357 662 1429; x_wconf 82' lang='lat' dir='ltr'>agitur</span> <span class='ocrx_word' id='word_1_75' title='bbox 678 1355 719 1416; x_wconf 94' lang='lat' dir='ltr'>de</span> <span class='ocrx_word' id='word_1_76' title='bbox 734 1356 861 1416; x_wconf 91' lang='lat' dir='ltr'>ratione</span> <span class='ocrx_word' id='word_1_77' title='bbox 873 1354 1133 1429; x_wconf 89' lang='lat' dir='ltr'>demonstrandi,</span> 
     </span>
     <span class='ocr_line' id='line_1_13' title="bbox 115 1433 1134 1512; baseline 0.002 -17"><span class='ocrx_word' id='word_1_78' title='bbox 115 1434 297 1496; x_wconf 89' lang='lat' dir='ltr'>methodus</span> <span class='ocrx_word' id='word_1_79' title='bbox 313 1434 411 1495; x_wconf 54' lang='lat' dir='ltr'>*idem</span> <span class='ocrx_word' id='word_1_80' title='bbox 436 1440 486 1496; x_wconf 92' lang='lat' dir='ltr'>est</span> <span class='ocrx_word' id='word_1_81' title='bbox 509 1451 548 1494; x_wconf 90' lang='lat' dir='ltr'>ac</span> <span class='ocrx_word' id='word_1_82' title='bbox 571 1438 685 1512; x_wconf 84' lang='lat' dir='ltr'>formo</span> <span class='ocrx_word' id='word_1_83' title='bbox 711 1433 1009 1499; x_wconf 86' lang='lat' dir='ltr'>demonstrationis.</span> <span class='ocrx_word' id='word_1_84' title='bbox 1035 1435 1134 1497; x_wconf 91' lang='lat' dir='ltr'>Porro</span> 
     </span>
     <span class='ocr_line' id='line_1_14' title="bbox 115 1512 1135 1594; baseline 0.001 -19"><span class='ocrx_word' id='word_1_85' title='bbox 115 1517 351 1585; x_wconf 82' lang='lat' dir='ltr'>demonstrare,</span> <span class='ocrx_word' id='word_1_86' title='bbox 377 1512 467 1574; x_wconf 90' lang='lat' dir='ltr'>idem</span> <span class='ocrx_word' id='word_1_87' title='bbox 493 1519 543 1575; x_wconf 92' lang='lat' dir='ltr'>est</span> <span class='ocrx_word' id='word_1_88' title='bbox 568 1531 607 1576; x_wconf 90' lang='lat' dir='ltr'>ac</span> <span class='ocrx_word' id='word_1_89' title='bbox 621 1515 764 1592; x_wconf 86' lang='lat' dir='ltr'>probare</span> <span class='ocrx_word' id='word_1_90' title='bbox 784 1514 947 1594; x_wconf 91' lang='lat' dir='ltr'>judicium</span> <span class='ocrx_word' id='word_1_91' title='bbox 966 1513 1135 1593; x_wconf 88' lang='lat' dir='ltr'>quoddam</span> 
     </span>
     <span class='ocr_line' id='line_1_15' title="bbox 117 1594 1134 1677; baseline -0.001 -23"><span class='ocrx_word' id='word_1_92' title='bbox 117 1610 194 1654; x_wconf 92' lang='lat' dir='ltr'>esse</span> <span class='ocrx_word' id='word_1_93' title='bbox 210 1595 295 1655; x_wconf 90' lang='lat' dir='ltr'>sicut</span> <span class='ocrx_word' id='word_1_94' title='bbox 310 1594 461 1677; x_wconf 85' lang='lat' dir='ltr'>effertur:</span> <span class='ocrx_word' id='word_1_95' title='bbox 476 1594 713 1657; x_wconf 88' lang='lat' dir='ltr'>demonstratio</span> <span class='ocrx_word' id='word_1_96' title='bbox 731 1595 817 1656; x_wconf 90' lang='lat' dir='ltr'>enim</span> <span class='ocrx_word' id='word_1_97' title='bbox 828 1595 959 1673; x_wconf 88' lang='lat' dir='ltr'>proprie</span> <span class='ocrx_word' id='word_1_98' title='bbox 975 1599 1026 1656; x_wconf 89' lang='lat' dir='ltr'>est</span> <span class='ocrx_word' id='word_1_99' title='bbox 1039 1595 1134 1656; x_wconf 93' lang='lat' dir='ltr'>ratio-</span> 
     </span>
     <span class='ocr_line' id='line_1_16' title="bbox 117 1672 1135 1751; baseline 0.001 -17"><span class='ocrx_word' id='word_1_100' title='bbox 117 1674 242 1735; x_wconf 92' lang='lat' dir='ltr'>cinium</span> <span class='ocrx_word' id='word_1_101' title='bbox 258 1674 346 1751; x_wconf 87' lang='lat' dir='ltr'>quod</span> <span class='ocrx_word' id='word_1_102' title='bbox 366 1699 377 1727; x_wconf 82' lang='lat'>«</span> <span class='ocrx_word' id='word_1_103' title='bbox 394 1672 473 1736; x_wconf 88' lang='lat' dir='ltr'>facit</span> <span class='ocrx_word' id='word_1_104' title='bbox 487 1676 571 1736; x_wconf 90' lang='lat' dir='ltr'>scire</span> <span class='ocrx_word' id='word_1_105' title='bbox 588 1699 617 1747; x_wconf 85' lang='lat'>»‚</span> <span class='ocrx_word' id='word_1_106' title='bbox 634 1691 695 1736; x_wconf 92' lang='lat' dir='ltr'>seu</span> <span class='ocrx_word' id='word_1_107' title='bbox 707 1675 764 1736; x_wconf 91' lang='lat' dir='ltr'>dat</span> <span class='ocrx_word' id='word_1_108' title='bbox 774 1675 945 1736; x_wconf 89' lang='lat' dir='ltr'>scientiam</span> <span class='ocrx_word' id='word_1_109' title='bbox 961 1675 1135 1736; x_wconf 89' lang='lat' dir='ltr'>actualem.</span> 
     </span>
     <span class='ocr_line' id='line_1_17' title="bbox 118 1753 1140 1834; baseline 0.001 -21"><span class='ocrx_word' id='word_1_110' title='bbox 118 1755 235 1831; x_wconf 90' lang='lat' dir='ltr'>ltaque</span> <span class='ocrx_word' id='word_1_111' title='bbox 259 1755 411 1830; x_wconf 91' lang='lat' dir='ltr'>superius</span> <span class='ocrx_word' id='word_1_112' title='bbox 438 1753 524 1815; x_wconf 90' lang='lat' dir='ltr'>dicta</span> <span class='ocrx_word' id='word_1_113' title='bbox 551 1755 593 1816; x_wconf 91' lang='lat' dir='ltr'>de</span> <span class='ocrx_word' id='word_1_114' title='bbox 618 1756 808 1834; x_wconf 75' lang='lat' dir='ltr'>syllogismo</span> <span class='ocrx_word' id='word_1_115' title='bbox 826 1756 981 1817; x_wconf 85' lang='lat' dir='ltr'>exhibent</span> <span class='ocrx_word' id='word_1_116' title='bbox 993 1757 1140 1831; x_wconf 81' lang='lat' dir='ltr'>formam</span> 
     </span>
     <span class='ocr_line' id='line_1_18' title="bbox 118 1832 1131 1911; baseline 0 -17"><span class='ocrx_word' id='word_1_117' title='bbox 118 1832 422 1894; x_wconf 83' lang='lat' dir='ltr'>demonstrationis.</span> <span class='ocrx_word' id='word_1_118' title='bbox 958 1904 961 1911; x_wconf 24' lang='lat'><strong><em>¹</em></strong></span> <span class='ocrx_word' id='word_1_119' title='bbox 1127 1905 1131 1911; x_wconf 24' lang='lat'>¹</span> 
     </span>
    </p>

    <p class='ocr_par' dir='ltr' id='par_1_6' title="bbox 118 1911 1141 2151">
     <span class='ocr_line' id='line_1_19' title="bbox 159 1911 1140 1991; baseline 0.002 -18"><span class='ocrx_word' id='word_1_120' title='bbox 159 1913 226 1973; x_wconf 89' lang='lat' dir='ltr'>Sed</span> <span class='ocrx_word' id='word_1_121' title='bbox 251 1911 495 1974; x_wconf 91' lang='lat' dir='ltr'>demonstratio</span> <span class='ocrx_word' id='word_1_122' title='bbox 516 1917 628 1991; x_wconf 93' lang='lat' dir='ltr'>potest</span> <span class='ocrx_word' id='word_1_123' title='bbox 657 1917 757 1975; x_wconf 88' lang='lat' dir='ltr'>etiarn</span> <span class='ocrx_word' id='word_1_124' title='bbox 783 1913 983 1976; x_wconf 88' lang='lat' dir='ltr'>considerari</span> <span class='ocrx_word' id='word_1_125' title='bbox 1011 1917 1140 1977; x_wconf 89' lang='lat' dir='ltr'>ratione</span> 
     </span>
     <span class='ocr_line' id='line_1_20' title="bbox 118 1993 1141 2070; baseline 0.006 -20"><span class='ocrx_word' id='word_1_126' title='bbox 118 1993 278 2065; x_wconf 79' lang='lat' dir='ltr'>materiae,</span> <span class='ocrx_word' id='word_1_127' title='bbox 310 1997 343 2054; x_wconf 87' lang='lat' dir='ltr'>et</span> <span class='ocrx_word' id='word_1_128' title='bbox 367 1994 427 2054; x_wconf 89' lang='lat' dir='ltr'>sub</span> <span class='ocrx_word' id='word_1_129' title='bbox 451 1993 513 2052; x_wconf 90' lang='lat' dir='ltr'>isto</span> <span class='ocrx_word' id='word_1_130' title='bbox 539 1997 705 2070; x_wconf 87' lang='lat' dir='ltr'>respectu,</span> <span class='ocrx_word' id='word_1_131' title='bbox 729 2009 799 2070; x_wconf 90' lang='lat' dir='ltr'>prae</span> <span class='ocrx_word' id='word_1_132' title='bbox 829 1993 1039 2056; x_wconf 88' lang='lat' dir='ltr'>divisionibus</span> <span class='ocrx_word' id='word_1_133' title='bbox 1072 1994 1141 2056; x_wconf 88' lang='lat' dir='ltr'>suis</span> 
     </span>
     <span class='ocr_line' id='line_1_21' title="bbox 118 2071 769 2151; baseline 0.006 -20"><span class='ocrx_word' id='word_1_134' title='bbox 118 2071 311 2150; x_wconf 88' lang='lat' dir='ltr'>praecipuis,</span> <span class='ocrx_word' id='word_1_135' title='bbox 329 2073 500 2151; x_wconf 88' lang='lat' dir='ltr'>speciatim</span> <span class='ocrx_word' id='word_1_136' title='bbox 519 2073 637 2151; x_wconf 90' lang='lat' dir='ltr'>inspici</span> <span class='ocrx_word' id='word_1_137' title='bbox 658 2072 769 2135; x_wconf 85' lang='lat' dir='ltr'>debet.</span> 
     </span>
    </p>

    <p class='ocr_par' dir='ltr' id='par_1_7' title="bbox 118 2152 1144 2710">
     <span class='ocr_line' id='line_1_22' title="bbox 163 2152 1139 2230; baseline 0.002 -18"><span class='ocrx_word' id='word_1_138' title='bbox 163 2153 233 2212; x_wconf 88' lang='lat'>131.</span> <span class='ocrx_word' id='word_1_139' title='bbox 249 2187 288 2195; x_wconf 92' lang='lat'>-</span> <span class='ocrx_word' id='word_1_140' title='bbox 303 2155 556 2227; x_wconf 81' lang='lat' dir='ltr'>DemonstratiO,</span> <span class='ocrx_word' id='word_1_141' title='bbox 572 2153 701 2214; x_wconf 90' lang='lat' dir='ltr'>ratione</span> <span class='ocrx_word' id='word_1_142' title='bbox 715 2155 863 2216; x_wconf 88' lang='lat' dir='ltr'>materiae</span> <span class='ocrx_word' id='word_1_143' title='bbox 880 2156 1040 2230; x_wconf 86' lang='lat' dir='ltr'>spectata,</span> <span class='ocrx_word' id='word_1_144' title='bbox 1058 2152 1139 2214; x_wconf 85' lang='lat' dir='ltr'>divi-</span> 
     </span>
     <span class='ocr_line' id='line_1_23' title="bbox 120 2230 1144 2312; baseline 0.002 -21"><span class='ocrx_word' id='word_1_145' title='bbox 120 2230 212 2292; x_wconf 89' lang='lat' dir='ltr'>ditur</span> <span class='ocrx_word' id='word_1_146' title='bbox 228 2235 259 2292; x_wconf 88' lang='lat' dir='ltr'>l⁰</span> <span class='ocrx_word' id='word_1_147' title='bbox 282 2233 316 2292; x_wconf 91' lang='lat' dir='ltr'>in</span> <span class='ocrx_word' id='word_1_148' title='bbox 332 2231 489 2294; x_wconf 88' lang='lat' dir='ltr'>directam</span> <span class='ocrx_word' id='word_1_149' title='bbox 503 2248 564 2293; x_wconf 92' lang='lat' dir='ltr'>seu</span> <span class='ocrx_word' id='word_1_150' title='bbox 579 2233 790 2306; x_wconf 74' lang='lat' dir='ltr'>ostensivum,</span> <span class='ocrx_word' id='word_1_151' title='bbox 811 2248 886 2312; x_wconf 87' lang='lat' dir='ltr'>quae</span> <span class='ocrx_word' id='word_1_152' title='bbox 907 2233 1005 2294; x_wconf 87' lang='lat' dir='ltr'>etiarn</span> <span class='ocrx_word' id='word_1_153' title='bbox 1026 2233 1144 2294; x_wconf 92' lang='lat' dir='ltr'>dicitur</span> 
     </span>
     <span class='ocr_line' id='line_1_24' title="bbox 119 2312 1143 2390; baseline 0.003 -20"><span class='ocrx_word' id='word_1_154' title='bbox 119 2313 315 2387; x_wconf 81' lang='lat' dir='ltr'>apodictico,</span> <span class='ocrx_word' id='word_1_155' title='bbox 339 2319 370 2373; x_wconf 90' lang='lat' dir='ltr'>et</span> <span class='ocrx_word' id='word_1_156' title='bbox 384 2312 578 2373; x_wconf 90' lang='lat' dir='ltr'>indirectam</span> <span class='ocrx_word' id='word_1_157' title='bbox 602 2327 663 2374; x_wconf 90' lang='lat' dir='ltr'>seu</span> <span class='ocrx_word' id='word_1_158' title='bbox 688 2317 913 2390; x_wconf 76' lang='lat' dir='ltr'>opopopt&#39;cort.</span> <span class='ocrx_word' id='word_1_159' title='bbox 939 2314 994 2372; x_wconf 83' lang='lat' dir='ltr'>list</span> <span class='ocrx_word' id='word_1_160' title='bbox 1018 2315 1143 2374; x_wconf 79' lang='lat' dir='ltr'>directo</span> 
     </span>
     <span class='ocr_line' id='line_1_25' title="bbox 119 2391 1143 2470; baseline 0.002 -20"><span class='ocrx_word' id='word_1_161' title='bbox 119 2391 255 2469; x_wconf 88' lang='lat' dir='ltr'>quando</span> <span class='ocrx_word' id='word_1_162' title='bbox 269 2391 414 2454; x_wconf 90' lang='lat' dir='ltr'>ostendit</span> <span class='ocrx_word' id='word_1_163' title='bbox 427 2395 599 2454; x_wconf 89' lang='lat' dir='ltr'>veritatem</span> <span class='ocrx_word' id='word_1_164' title='bbox 611 2393 816 2468; x_wconf 89' lang='lat' dir='ltr'>probandam</span> <span class='ocrx_word' id='word_1_165' title='bbox 838 2393 997 2454; x_wconf 89' lang='lat' dir='ltr'>contineri</span> <span class='ocrx_word' id='word_1_166' title='bbox 1011 2391 1045 2452; x_wconf 95' lang='lat' dir='ltr'>in</span> <span class='ocrx_word' id='word_1_167' title='bbox 1054 2393 1143 2470; x_wconf 92' lang='lat' dir='ltr'>prin-</span> 
     </span>
     <span class='ocr_line' id='line_1_26' title="bbox 119 2471 1143 2550; baseline 0.004 -20"><span class='ocrx_word' id='word_1_168' title='bbox 119 2471 208 2548; x_wconf 86' lang='lat' dir='ltr'>cipio</span> <span class='ocrx_word' id='word_1_169' title='bbox 224 2475 331 2545; x_wconf 90' lang='lat' dir='ltr'>certo;</span> <span class='ocrx_word' id='word_1_170' title='bbox 349 2477 400 2532; x_wconf 92' lang='lat' dir='ltr'>est</span> <span class='ocrx_word' id='word_1_171' title='bbox 414 2473 581 2544; x_wconf 77' lang='lat' dir='ltr'>indirecte,</span> <span class='ocrx_word' id='word_1_172' title='bbox 599 2472 731 2550; x_wconf 89' lang='lat' dir='ltr'>quando</span> <span class='ocrx_word' id='word_1_173' title='bbox 747 2473 857 2550; x_wconf 84' lang='lat' dir='ltr'>aliqua</span> <span class='ocrx_word' id='word_1_174' title='bbox 867 2474 1048 2550; x_wconf 92' lang='lat' dir='ltr'>propositio</span> <span class='ocrx_word' id='word_1_175' title='bbox 1064 2489 1143 2550; x_wconf 92' lang='lat' dir='ltr'>pro-</span> 
     </span>
     <span class='ocr_line' id='line_1_27' title="bbox 118 2550 1143 2633; baseline 0.001 -23"><span class='ocrx_word' id='word_1_176' title='bbox 118 2551 220 2611; x_wconf 92' lang='lat' dir='ltr'>batur</span> <span class='ocrx_word' id='word_1_177' title='bbox 235 2551 442 2613; x_wconf 90' lang='lat' dir='ltr'>ostendendo</span> <span class='ocrx_word' id='word_1_178' title='bbox 458 2551 700 2614; x_wconf 90' lang='lat' dir='ltr'>absurditatem</span> <span class='ocrx_word' id='word_1_179' title='bbox 712 2553 945 2630; x_wconf 89' lang='lat' dir='ltr'>propositionis</span> <span class='ocrx_word' id='word_1_180' title='bbox 957 2550 1143 2633; x_wconf 91' lang='lat' dir='ltr'>contradic-</span> 
     </span>
     <span class='ocr_line' id='line_1_28' title="bbox 122 2630 1023 2710; baseline 0.001 -20"><span class='ocrx_word' id='word_1_181' title='bbox 122 2631 217 2692; x_wconf 78' lang='lat' dir='ltr'>toriae</span> <span class='ocrx_word' id='word_1_182' title='bbox 236 2649 244 2689; x_wconf 91' lang='lat'>:</span> <span class='ocrx_word' id='word_1_183' title='bbox 259 2630 349 2692; x_wconf 88' lang='lat' dir='ltr'>unde</span> <span class='ocrx_word' id='word_1_184' title='bbox 361 2632 458 2693; x_wconf 87' lang='lat' dir='ltr'>etiarn</span> <span class='ocrx_word' id='word_1_185' title='bbox 471 2631 750 2710; x_wconf 88' lang='lat' dir='ltr'>diciturprobatio</span> <span class='ocrx_word' id='word_1_186' title='bbox 758 2649 821 2708; x_wconf 86' lang='lat' dir='ltr'>per</span> <span class='ocrx_word' id='word_1_187' title='bbox 831 2633 1023 2693; x_wconf 78' lang='lat' dir='ltr'>absordum.</span> 
     </span>
    </p>

    <p class='ocr_par' dir='ltr' id='par_1_8' title="bbox 116 2711 1144 2866">
     <span class='ocr_line' id='line_1_29' title="bbox 164 2711 1144 2790; baseline 0.002 -20"><span class='ocrx_word' id='word_1_188' title='bbox 164 2712 406 2774; x_wconf 90' lang='lat' dir='ltr'>Demonstratio</span> <span class='ocrx_word' id='word_1_189' title='bbox 432 2711 557 2774; x_wconf 84' lang='lat' dir='ltr'>directa</span> <span class='ocrx_word' id='word_1_190' title='bbox 579 2717 692 2790; x_wconf 89' lang='lat' dir='ltr'>potest</span> <span class='ocrx_word' id='word_1_191' title='bbox 715 2729 788 2774; x_wconf 90' lang='lat' dir='ltr'>esse</span> <span class='ocrx_word' id='word_1_192' title='bbox 812 2713 866 2774; x_wconf 85' lang='lat' dir='ltr'>vel</span> <span class='ocrx_word' id='word_1_193' title='bbox 889 2729 910 2772; x_wconf 87' lang='lat' dir='ltr'>o</span> <span class='ocrx_word' id='word_1_194' title='bbox 928 2711 1106 2787; x_wconf 78' lang='lat' dir='ltr'>priort&#39;vel</span> <span class='ocrx_word' id='word_1_195' title='bbox 1121 2728 1144 2772; x_wconf 86' lang='lat' dir='ltr'>u</span> 
     </span>
     <span class='ocr_line' id='line_1_30' title="bbox 116 2793 309 2866; baseline 0 -16"><span class='ocrx_word' id='word_1_196' title='bbox 116 2793 309 2866; x_wconf 79' lang='lat' dir='ltr'>posteriori.</span> 
     </span>
    </p>

    <p class='ocr_par' dir='ltr' id='par_1_9' title="bbox 121 2870 1145 3427">
     <span class='ocr_line' id='line_1_31' title="bbox 168 2870 1141 2947; baseline -0.001 -16"><span class='ocrx_word' id='word_1_197' title='bbox 168 2872 200 2931; x_wconf 82' lang='grc' dir='ltr'>1Ο</span> <span class='ocrx_word' id='word_1_198' title='bbox 225 2871 464 2932; x_wconf 86' lang='lat' dir='ltr'>Demonstratio</span> <span class='ocrx_word' id='word_1_199' title='bbox 490 2886 511 2932; x_wconf 88' lang='lat' dir='ltr'>a</span> <span class='ocrx_word' id='word_1_200' title='bbox 531 2870 632 2947; x_wconf 89' lang='lat' dir='ltr'>priori</span> <span class='ocrx_word' id='word_1_201' title='bbox 656 2886 718 2932; x_wconf 88' lang='lat' dir='ltr'>seu</span> <span class='ocrx_word' id='word_1_202' title='bbox 737 2875 873 2946; x_wconf 86' lang='lat' dir='ltr'>propter</span> <span class='ocrx_word' id='word_1_203' title='bbox 895 2873 973 2945; x_wconf 82' lang='lat' dir='ltr'>quid</span> <span class='ocrx_word' id='word_1_204' title='bbox 987 2870 1141 2946; x_wconf 83' lang='lat' dir='ltr'>habetur,</span> 
     </span>
     <span class='ocr_line' id='line_1_32' title="bbox 123 2948 1142 3028; baseline 0 -17"><span class='ocrx_word' id='word_1_205' title='bbox 123 2948 261 3026; x_wconf 85' lang='lat' dir='ltr'>quando</span> <span class='ocrx_word' id='word_1_206' title='bbox 277 2965 318 3011; x_wconf 84' lang='lat' dir='ltr'>ex</span> <span class='ocrx_word' id='word_1_207' title='bbox 332 2966 370 3012; x_wconf 91' lang='lat' dir='ltr'>eo</span> <span class='ocrx_word' id='word_1_208' title='bbox 387 2949 477 3028; x_wconf 82' lang='lat' dir='ltr'>quod</span> <span class='ocrx_word' id='word_1_209' title='bbox 494 2954 545 3012; x_wconf 93' lang='lat' dir='ltr'>est</span> <span class='ocrx_word' id='word_1_210' title='bbox 558 2951 648 3026; x_wconf 89' lang='lat' dir='ltr'>prius</span> <span class='ocrx_word' id='word_1_211' title='bbox 664 2949 849 3011; x_wconf 89' lang='lat' dir='ltr'>secundum</span> <span class='ocrx_word' id='word_1_212' title='bbox 869 2949 1020 3011; x_wconf 87' lang='lat' dir='ltr'>ordinem</span> <span class='ocrx_word' id='word_1_213' title='bbox 1045 2955 1142 3012; x_wconf 89' lang='lat' dir='ltr'>outo·</span> 
     </span>
     <span class='ocr_line' id='line_1_33' title="bbox 121 3028 1143 3108; baseline 0.001 -18"><span class='ocrx_word' id='word_1_214' title='bbox 121 3029 282 3108; x_wconf 88' lang='lat' dir='ltr'>logicum,</span> <span class='ocrx_word' id='word_1_215' title='bbox 298 3028 436 3092; x_wconf 89' lang='lat' dir='ltr'>infertur</span> <span class='ocrx_word' id='word_1_216' title='bbox 450 3029 484 3090; x_wconf 94' lang='lat' dir='ltr'>id</span> <span class='ocrx_word' id='word_1_217' title='bbox 500 3030 590 3108; x_wconf 88' lang='lat' dir='ltr'>quod</span> <span class='ocrx_word' id='word_1_218' title='bbox 605 3029 792 3092; x_wconf 89' lang='lat' dir='ltr'>secundum</span> <span class='ocrx_word' id='word_1_219' title='bbox 812 3029 967 3090; x_wconf 90' lang='lat' dir='ltr'>eumdem</span> <span class='ocrx_word' id='word_1_220' title='bbox 991 3029 1143 3092; x_wconf 89' lang='lat' dir='ltr'>ordinem</span> 
     </span>
     <span class='ocr_line' id='line_1_34' title="bbox 123 3108 1145 3188; baseline 0 -17"><span class='ocrx_word' id='word_1_221' title='bbox 123 3109 287 3186; x_wconf 89' lang='lat' dir='ltr'>sequitur,</span> <span class='ocrx_word' id='word_1_222' title='bbox 305 3113 338 3172; x_wconf 91' lang='lat' dir='ltr'>et</span> <span class='ocrx_word' id='word_1_223' title='bbox 352 3127 371 3171; x_wconf 93' lang='lat' dir='ltr'>a</span> <span class='ocrx_word' id='word_1_224' title='bbox 384 3111 495 3188; x_wconf 90' lang='lat' dir='ltr'>priore</span> <span class='ocrx_word' id='word_1_225' title='bbox 517 3110 642 3188; x_wconf 85' lang='lat' dir='ltr'>pendet</span> <span class='ocrx_word' id='word_1_226' title='bbox 663 3131 670 3171; x_wconf 92' lang='lat'>:</span> <span class='ocrx_word' id='word_1_227' title='bbox 694 3127 714 3170; x_wconf 93' lang='lat' dir='ltr'>a</span> <span class='ocrx_word' id='word_1_228' title='bbox 738 3125 836 3170; x_wconf 89' lang='lat' dir='ltr'>causa</span> <span class='ocrx_word' id='word_1_229' title='bbox 860 3111 903 3170; x_wconf 91' lang='lat' dir='ltr'>ad</span> <span class='ocrx_word' id='word_1_230' title='bbox 928 3109 1085 3170; x_wconf 79' lang='lat' dir='ltr'>effectum</span> <span class='ocrx_word' id='word_1_231' title='bbox 1107 3108 1145 3172; x_wconf 86' lang='lat' dir='ltr'>tit</span> 
     </span>
     <span class='ocr_line' id='line_1_35' title="bbox 122 3189 1144 3268; baseline 0 -19"><span class='ocrx_word' id='word_1_232' title='bbox 122 3189 227 3250; x_wconf 88' lang='lat' dir='ltr'>illatio</span> <span class='ocrx_word' id='word_1_233' title='bbox 242 3205 305 3265; x_wconf 91' lang='lat' dir='ltr'>per</span> <span class='ocrx_word' id='word_1_234' title='bbox 319 3189 634 3252; x_wconf 87' lang='lat' dir='ltr'>demonstrationem</span> <span class='ocrx_word' id='word_1_235' title='bbox 648 3207 668 3251; x_wconf 92' lang='lat' dir='ltr'>a</span> <span class='ocrx_word' id='word_1_236' title='bbox 681 3189 793 3266; x_wconf 88' lang='lat' dir='ltr'>priori.</span> <span class='ocrx_word' id='word_1_237' title='bbox 804 3189 928 3250; x_wconf 84' lang='lat' dir='ltr'>Dicitur</span> <span class='ocrx_word' id='word_1_238' title='bbox 938 3191 1037 3250; x_wconf 89' lang='lat' dir='ltr'>etiam</span> <span class='ocrx_word' id='word_1_239' title='bbox 1044 3206 1144 3268; x_wconf 82' lang='lat' dir='ltr'>prop-</span> 
     </span>
     <span class='ocr_line' id='line_1_36' title="bbox 123 3266 1145 3350; baseline 0 -20"><span class='ocrx_word' id='word_1_240' title='bbox 123 3275 177 3330; x_wconf 89' lang='lat' dir='ltr'>ter</span> <span class='ocrx_word' id='word_1_241' title='bbox 204 3271 293 3345; x_wconf 77' lang='lat' dir='ltr'>quid,</span> <span class='ocrx_word' id='word_1_242' title='bbox 322 3270 398 3348; x_wconf 87' lang='lat' dir='ltr'>quia</span> <span class='ocrx_word' id='word_1_243' title='bbox 423 3270 556 3332; x_wconf 84' lang='lat' dir='ltr'>exhibet</span> <span class='ocrx_word' id='word_1_244' title='bbox 581 3270 744 3330; x_wconf 90' lang='lat' dir='ltr'>rationem</span> <span class='ocrx_word' id='word_1_245' title='bbox 768 3266 987 3330; x_wconf 89' lang='lat' dir='ltr'>sufficientem</span> <span class='ocrx_word' id='word_1_246' title='bbox 1011 3273 1145 3350; x_wconf 85' lang='lat' dir='ltr'>propter</span> 
     </span>
     <span class='ocr_line' id='line_1_37' title="bbox 124 3348 969 3427; baseline -0.002 -17"><span class='ocrx_word' id='word_1_247' title='bbox 124 3365 229 3426; x_wconf 82' lang='lat' dir='ltr'>quart</span> <span class='ocrx_word' id='word_1_248' title='bbox 242 3349 458 3425; x_wconf 87' lang='lat' dir='ltr'>praedicatum</span> <span class='ocrx_word' id='word_1_249' title='bbox 474 3349 694 3412; x_wconf 89' lang='lat' dir='ltr'>conclusionis</span> <span class='ocrx_word' id='word_1_250' title='bbox 707 3348 856 3427; x_wconf 88' lang='lat' dir='ltr'>subjecto</span> <span class='ocrx_word' id='word_1_251' title='bbox 869 3351 969 3413; x_wconf 89' lang='lat' dir='ltr'>inest.</span> 
     </span>
    </p>

    <p class='ocr_par' dir='ltr' id='par_1_10' title="bbox 123 3427 1149 3588">
     <span class='ocr_line' id='line_1_38' title="bbox 168 3427 1143 3506; baseline 0 -18"><span class='ocrx_word' id='word_1_252' title='bbox 168 3428 271 3505; x_wconf 84' lang='lat' dir='ltr'>Igitur</span> <span class='ocrx_word' id='word_1_253' title='bbox 285 3428 521 3491; x_wconf 90' lang='lat' dir='ltr'>demonstratio</span> <span class='ocrx_word' id='word_1_254' title='bbox 537 3445 556 3490; x_wconf 90' lang='lat' dir='ltr'>a</span> <span class='ocrx_word' id='word_1_255' title='bbox 570 3429 672 3506; x_wconf 89' lang='lat' dir='ltr'>priori</span> <span class='ocrx_word' id='word_1_256' title='bbox 688 3428 874 3504; x_wconf 87' lang='lat' dir='ltr'>expostulat</span> <span class='ocrx_word' id='word_1_257' title='bbox 887 3433 924 3490; x_wconf 91' lang='lat' dir='ltr'>ut</span> <span class='ocrx_word' id='word_1_258' title='bbox 937 3427 1020 3490; x_wconf 92' lang='lat' dir='ltr'>ratio</span> <span class='ocrx_word' id='word_1_259' title='bbox 1044 3431 1143 3489; x_wconf 92' lang='lat' dir='ltr'>onto-</span> 
     </span>
     <span class='ocr_line' id='line_1_39' title="bbox 123 3506 1149 3588; baseline -0.002 -18"><span class='ocrx_word' id='word_1_260' title='bbox 123 3510 249 3588; x_wconf 88' lang='lat' dir='ltr'>logica,</span> <span class='ocrx_word' id='word_1_261' title='bbox 269 3525 332 3570; x_wconf 90' lang='lat' dir='ltr'>seu</span> <span class='ocrx_word' id='word_1_262' title='bbox 346 3525 446 3571; x_wconf 87' lang='lat' dir='ltr'>causa</span> <span class='ocrx_word' id='word_1_263' title='bbox 461 3525 585 3571; x_wconf 89' lang='lat' dir='ltr'>curres</span> <span class='ocrx_word' id='word_1_264' title='bbox 600 3509 652 3583; x_wconf 91' lang='lat' dir='ltr'>sit,</span> <span class='ocrx_word' id='word_1_265' title='bbox 670 3507 846 3570; x_wconf 89' lang='lat' dir='ltr'>antecedat</span> <span class='ocrx_word' id='word_1_266' title='bbox 860 3508 960 3570; x_wconf 90' lang='lat' dir='ltr'>etiam</span> <span class='ocrx_word' id='word_1_267' title='bbox 976 3508 1010 3568; x_wconf 92' lang='lat' dir='ltr'>in</span> <span class='ocrx_word' id='word_1_268' title='bbox 1025 3506 1149 3570; x_wconf 78' lang='lat' dir='ltr'>ordine·</span> 
     </span>
    </p>
   </div>
   <div class='ocr_carea' id='block_1_6' title="bbox 160 3662 1086 3730">
    <p class='ocr_par' dir='ltr' id='par_1_11' title="bbox 160 3662 1086 3730">
     <span class='ocr_line' id='line_1_40' title="bbox 160 3662 1086 3730; baseline -0.001 -16"><span class='ocrx_word' id='word_1_269' title='bbox 160 3665 196 3728; x_wconf 86' lang='grc'>(1)</span> <span class='ocrx_word' id='word_1_270' title='bbox 207 3665 240 3716; x_wconf 90' lang='lat' dir='ltr'>D.</span> <span class='ocrx_word' id='word_1_271' title='bbox 255 3665 346 3716; x_wconf 79' lang='lat' dir='ltr'>Thom.</span> <span class='ocrx_word' id='word_1_272' title='bbox 361 3664 384 3715; x_wconf 94' lang='grc'>11</span> <span class='ocrx_word' id='word_1_273' title='bbox 400 3663 537 3714; x_wconf 84' lang='lat' dir='ltr'>Posterior</span> <span class='ocrx_word' id='word_1_274' title='bbox 546 3662 677 3728; x_wconf 69' lang='lat' dir='ltr'>acolytis.</span> <span class='ocrx_word' id='word_1_275' title='bbox 690 3662 750 3728; x_wconf 55' lang='lat' dir='ltr'>lect²</span> <span class='ocrx_word' id='word_1_276' title='bbox 761 3663 814 3726; x_wconf 75' lang='lat' dir='ltr'>1v3</span> <span class='ocrx_word' id='word_1_277' title='bbox 828 3662 895 3716; x_wconf 86' lang='lat' dir='ltr'>inter</span> <span class='ocrx_word' id='word_1_278' title='bbox 908 3663 1030 3730; x_wconf 87' lang='lat' dir='ltr'>Opuscul.</span> <span class='ocrx_word' id='word_1_279' title='bbox 1045 3662 1086 3714; x_wconf 79' lang='grc'>18.</span> 
     </span>
    </p>
   </div>
   <div class='ocr_carea' id='block_1_7' title="bbox 0 0 1343 4242">
    <p class='ocr_par' dir='ltr' id='par_1_12' title="bbox 0 0 1343 4242">
     <span class='ocr_line' id='line_1_41' title="bbox 0 0 1343 4242; baseline 0 0"><span class='ocrx_word' id='word_1_280' title='bbox 0 0 1343 4242; x_wconf 95' lang='lat' dir='ltr'> </span> 
     </span>
    </p>
   </div>
  </div>
 </body>
</html>
