2650 4242
138 341 142 346 ‚
243 253 299 320 152
542 276 722 322 nnnvrturnu
742 265 945 322 rainosoenrn

239 389 455 465 immediatas,
493 390 644 451 voluntas
668 407 736 452 non
766 398 875 468 potest
894 389 1056 468 impedire
1079 400 1246 449 assensum

239 472 436 533 intellectus.
453 470 890 549 Sequentesproposltlones
908 490 915 531 :
933 470 1056 548 aliquid
1066 483 1138 529 non
1148 473 1251 546 potest

240 553 338 612 simul
359 568 433 613 esse
449 556 561 612 cinon
577 567 667 623 esse;
685 556 788 612 totum
804 559 853 614 est
866 551 974 629 majus
989 553 1165 628 suaparte,
1182 565 1249 624 pos·

240 637 317 692 sunt
341 634 456 709 utique
488 647 544 692 ore
572 633 699 708 negari,
728 631 788 692 sed
816 633 945 693 interna
968 630 1117 692 veritatis
1144 644 1251 688 earum

240 713 408 787 persuasio
425 710 492 770 tolli
506 711 622 787 nequit
638 731 645 770 :
663 711 843 773 excludunt
858 714 945 772 enim
962 708 1129 789 eJusmodi
1144 711 1250 769 verita-

241 796 291 852 tes
306 792 555 869 possibilitatem
568 788 751 851 formidinis
766 794 834 854 sive
850 791 1021 868 prudentis
1041 791 1112 850 sive
1136 791 1250 865 impru-

241 870 361 931 dentis.
380 871 529 948 stagnus
540 869 580 930 de
591 871 781 932 veritatibus
796 873 957 946 mediatis
970 872 1124 931 voluntas
1137 876 1250 945 potest,

240 951 358 1011 saltem
373 952 525 1011 indirecte
538 966 659 1026 nempe
677 949 868 1012 divertendo
891 953 1105 1013 attentionem
1134 949 1176 1009 ab
1201 949 1251 1009 ob-

236 1031 340 1109 jecto,
362 1046 534 1091 assensum
548 1029 709 1106 impedire
727 1050 734 1091 :
752 1032 932 1092 excludunt
953 1047 1032 1091 sane
1051 1031 1120 1088 istae
1142 1031 1250 1090 verita·

240 1120 291 1171 tes
321 1109 568 1189 possibilitatem
588 1109 770 1172 formidinis
784 1111 956 1190 prudentis
979 1110 1019 1170 de
1039 1123 1167 1182 errore,
1190 1125 1251 1168 non

240 1188 537 1251 tamenformidinis
551 1190 780 1266 imprudentis.
798 1191 876 1253 lnde
888 1191 1071 1253 intellectus
1085 1205 1130 1248 ex
1145 1205 1182 1248 se
1197 1189 1248 1248 ali-

241 1287 305 1347 quo
321 1270 420 1331 modo
436 1269 708 1331 indeterminatus
722 1278 882 1344 remanet,
901 1287 940 1332 ac
955 1268 1094 1348 proinde
1108 1273 1219 1346 potest
1235 1285 1250 1329 a

239 1352 407 1412 voluntate
422 1351 581 1411 inclinari.
708 1419 709 1422 Ἴ

279 1431 316 1492 ΙΙ.
331 1430 499 1491 Evidentia
521 1436 570 1490 est
581 1428 767 1503 infallibilis,
792 1447 869 1490 nam
890 1430 917 1491 si
931 1429 1089 1491 indicium
1112 1429 1251 1489 veritatis

238 1507 370 1570 fallibile
387 1509 560 1582 diceretur,
575 1512 655 1571 ratio
673 1516 760 1571 esset
781 1510 878 1586 plane
894 1509 1006 1586 inepta
1026 1508 1068 1588 ad
1082 1509 1251 1571 veritatem

241 1590 489 1668 acquirendam,
505 1607 604 1667 quam
619 1596 707 1651 certo
723 1606 966 1668 recognoscere
980 1605 1048 1650 non
1061 1591 1188 1667 posset.

645 1865 772 1930 CAPUT
793 1866 843 1928 IV;

443 2035 483 2079 nn
498 2033 649 2079 Eunonen
663 2037 704 2080 ΕΤ
720 2035 921 2081 ieNORANTlAE
937 2037 1050 2080 causis.

279 2174 349 2235 250.
367 2175 485 2234 -Ja'm
499 2175 681 2251 perspectis
696 2179 795 2236 antea
803 2172 948 2235 fontibus
963 2177 1107 2237 veritatis
1131 2189 1175 2233 ex
1190 2188 1249 2232 una

239 2261 344 2332 parte,
368 2260 400 2314 et
413 2253 532 2314 indicio
550 2270 614 2332 quo
639 2254 794 2315 eamdem
816 2256 1046 2332 cognoscimus
1073 2269 1114 2314 ex
1135 2254 1247 2326 altera,

241 2351 385 2411 quaerere
402 2333 563 2394 debemus
578 2349 680 2410 quare
695 2350 822 2395 mensa
843 2351 920 2395 vero
937 2334 1115 2411 aliquando
1133 2331 1248 2394 deflec-

239 2419 308 2474 tere
330 2415 444 2490 possit,
470 2417 526 2474 aut
550 2415 668 2473 saltem
692 2413 734 2474 ad
757 2412 839 2474 illud
863 2431 970 2491 usque
995 2413 1162 2475 interdum
1187 2429 1248 2474 non

239 2497 421 2570 perveniat.
439 2495 526 2555 Sicut
542 2493 630 2553 enim
648 2510 728 2554 usus
743 2498 853 2554 rectus
869 2493 1060 2555 facultatum
1075 2509 1137 2555 nos
1164 2493 1249 2554 ducit

239 2573 282 2633 ad
301 2590 418 2635 verum
432 2573 691 2650 assequendum,
707 2575 751 2634 ita
767 2574 958 2636 earumdem
979 2575 1100 2635 abusus
1122 2589 1186 2636 nos
1211 2571 1246 2632 ad

240 2670 386 2716 errorem
401 2654 551 2726 devocat,
574 2653 678 2714 autin
692 2653 876 2732 ignorantia
898 2655 1062 2733 relinquit.
1078 2680 1080 2687 ¹

608 2799 826 2864 ARTlCULUS
848 2801 870 2860 l.

555 2952 601 3008 De
622 2964 775 3042 errorum
791 2950 908 3010 causis

277 3100 347 3159 251.
363 3133 400 3142 -
420 3099 517 3159 Error
529 3098 668 3175 reperiri
681 3103 791 3176 potest
806 3104 933 3160 tantum
956 3099 988 3159 in
998 3097 1139 3177 judicic,
1152 3099 1245 3174 siqui-

240 3178 326 3251 dem,
342 3183 378 3238 ut
403 3183 501 3240 antea
526 3178 678 3253 diximus,
702 3182 821 3240 veritas
848 3183 904 3240 aut
924 3176 1048 3240 falsitas
1072 3177 1248 3239 formaliter

238 3263 369 3336 sumpta
385 3260 515 3320 nonnisi
533 3257 658 3336 judicio
674 3257 760 3319 inest
773 3258 867 3336 (155).

277 3338 441 3398 iudicium
455 3338 637 3417 subjective
659 3343 845 3414 spectatum
862 3342 911 3398 est
939 3342 1067 3398 rectum
1091 3338 1146 3398 vel
1166 3354 1245 3398 erro·

237 3432 339 3478 neum
362 3437 369 3476 :
385 3424 518 3489 rectum,
542 3418 676 3496 quando
692 3416 812 3490 ideam,
831 3434 900 3496 quae
916 3433 976 3493 per
991 3417 1182 3479 attributum
1197 3433 1244 3478 er-

236 3496 396 3574 primitur,
409 3497 509 3558 refert
524 3497 566 3557 ad
578 3499 747 3575 proprium
759 3499 831 3576 eJ'us
844 3497 1049 3575 subJectum3
1066 3513 1243 3569 erroneum,
1296 3527 1297 3582 t

238 3577 370 3654 quando
386 3578 472 3638 hanc
485 3577 595 3638 ideam
610 3593 629 3637 a
643 3578 775 3655 proprio
792 3578 921 3658 objecto
934 3576 1109 3655 detorquet
1125 3581 1163 3638 ut
1177 3579 1243 3638 earn

213 3668 215 3671 ’
238 3658 331 3719 alteri
345 3657 477 3736 objecto
488 3657 642 3734 applicet.
1134 3657 1136 3664 '
