2650 4242
210 260 272 321 212
519 273 700 323 osuvraaruu
720 275 922 321 PlssLoSOPlllAE

201 391 284 453 finis
301 416 314 443 »
332 390 386 469 (l).
404 391 487 467 Ergo
505 389 580 467 quia
595 393 678 452 actio
695 391 842 466 speciem
856 391 974 467 recipit
997 406 1039 450 ex
1066 390 1227 467 principio

195 474 262 534 ·vel
278 488 319 531 ex
331 470 397 531 fine
413 486 474 530 seu
489 472 638 535 termino.
655 472 731 545 ipsae
749 472 899 547 potentiae
928 469 1162 547 specificantur
1186 473 1228 531 ab

211 552 362 630 objectis,
378 552 433 611 llx.
451 565 500 627 gr.
521 549 694 611 :Potentia
711 550 804 628 qu'us
823 550 993 629 objectum
1012 554 1063 609 est
1087 550 1229 623 visibile,

200 632 330 693 ⁸dicitur
343 630 447 700 visus,
464 627 602 689 facultas
614 646 684 707 quae
697 645 754 705 pro
764 628 830 690 fine
841 631 942 690 habet
953 629 1233 707 significationem

196 710 371 851 -ideagum,
400 709 573 787 picturam,
604 715 682 782 etc,
700 713 750 769 est
776 708 914 771 facultas
946 708 1118 787 loquendi,
1158 712 1232 785 pin-

200 828 204 842 ι
238 806 281 850 en
308 791 329 861 i,
354 793 417 849 etc.

212 806 317 932 gSed
332 866 515 928 notandum
549 870 600 928 est
633 882 701 926 non
738 884 981 945 quamcumque
1015 860 1233 947 objectorum

201 949 436 1012 diversitatem
451 948 617 1023 potentias
631 949 746 1007 animas
763 947 993 1020 diversificare,
1009 948 1070 1008 sed
1099 948 1231 1007 solum-

210 1030 310 1093 modo
327 1027 545 1088 differentiam
560 1041 675 1086 eorum
690 1027 732 1087 ad
761 1044 832 1104 que
856 1044 918 1103 per
931 1046 964 1088 se
977 1028 1128 1105 potentia
1158 1044 1231 1087 res-

208 1112 299 1190 picit,
322 1106 474 1184 adeoque
485 1104 670 1167 formalium
684 1106 900 1185 objectorum.

597 1260 628 1308 11.
644 1260 683 1309 De
696 1258 842 1322 habitote).

200 1462 203 1469 .
250 1410 320 1472 366.
337 1407 515 1467 —Nomen
530 1406 657 1464 habitus
681 1404 771 1481 quod
800 1421 819 1465 a
847 1404 946 1467 verbo
974 1406 1107 1478 habere,
1126 1403 1228 1466 desu-

209 1493 319 1560 mitur,
337 1502 452 1548 omnes
466 1483 721 1563 significationes
732 1485 828 1563 hujus
840 1485 931 1546 verbi
942 1485 1092 1561 recipere
1104 1489 1229 1561 potest.

210 1570 277 1631 Sed
291 1568 354 1637 hic,
370 1570 408 1627 ut
416 1566 487 1644 jam
503 1564 643 1624 diximus
656 1564 739 1641 (362,
755 1563 810 1642 2⁰),
834 1568 1010 1627 assumitur
1034 1570 1071 1626 ut
1086 1566 1230 1642 qualitas

211 1648 361 1728 quaedam
374 1659 573 1721 permanens
590 1647 623 1703 et
638 1642 680 1704 de
696 1658 731 1702 se
747 1643 871 1704 stabilis
885 1646 919 1704 in
934 1644 1097 1721 subJecto,
1114 1660 1178 1721 per
1192 1661 1228 1705 se

210 1732 315 1807 primo
331 1726 481 1787 ordinata
496 1723 538 1783 ad
552 1723 792 1799 operationem,
818 1737 885 1784 non
909 1726 1058 1786 tribuens
1077 1728 1228 1799 primam

207 1809 400 1869 facultatem
427 1801 599 1879 operandi,
624 1802 686 1863 sed
710 1818 784 1863 eam
806 1803 966 1881 adjuvans
994 1810 1027 1863 et
1043 1803 1225 1881 explicans.

208 1890 270 1949 Per
281 1891 426 1962 primum
437 1884 630 1959 fucultatem
645 1898 711 1941 non
727 1882 938 1961 intelligimus
967 1883 1075 1944 solum
1102 1884 1223 1959 princi-

207 1968 299 2045 pium
322 1962 509 2041 mancipate
536 1977 597 2022 seu
624 1962 771 2021 radicale
799 1962 1008 2037 operationis,
1047 1962 1140 2039 quod
1176 1967 1224 2022 est
1313 2028 1314 2041 ,

206 2046 323 2116 forma,
340 2042 401 2104 sed
413 2042 605 2119 proximam
618 2038 822 2115 facultatem,
840 2058 910 2118 quaa
925 2042 1075 2103 absolute
1097 2040 1225 2103 confert

206 2131 347 2267 primam
382 2124 580 2198 potestatem
614 2119 775 2196 operandi
800 2121 908 2181 :hanc
943 2121 1031 2181 enim
1065 2125 1224 2198 supponit
1312 2144 1313 2175 1

231 2206 348 2267 abitus.

247 2286 317 2347 367.
334 2316 373 2326 -
390 2281 437 2339 Ex
452 2278 548 2340 dictis
562 2276 658 2339 facile
675 2276 801 2339 definiri
816 2280 969 2354 potestin
985 2295 1132 2357 quonam
1147 2280 1220 2341 sub·
1311 2306 1312 2309 ¹

202 2366 295 2444 jecto
325 2362 389 2422 sint
416 2357 608 2436 hujusmodi
634 2357 775 2418 habitus.
809 2357 1003 2437 Subjectum
1037 2360 1221 2437 proximum

207 2445 391 2513 habituum,
406 2439 524 2499 saltem
537 2437 571 2498 in
586 2437 701 2498 ordine
721 2438 873 2511 naturali,
888 2442 965 2499 sunt
975 2443 1054 2500 catis
1061 2441 1220 2515 potentiae,
1310 2458 1311 2465 ¹

208 2541 279 2603 quae
294 2518 508 2599 perficiuntur
521 2517 562 2576 ab
577 2516 753 2577 habitibus.
771 2518 840 2577 lstae
855 2517 1019 2593 potentiae,
1041 2535 1112 2596 quae
1129 2518 1170 2579 dc
1184 2534 1219 2579 ss

208 2608 286 2665 sunt
298 2598 528 2662 indifferentes
543 2594 586 2656 ad
605 2596 753 2657 diversos
776 2601 868 2657 actus
891 2598 1117 2673 particulares
1143 2613 1217 2674 pos·
1309 2614 1310 2691 t

208 2686 285 2745 sunt
299 2678 464 2742 habitibus
479 2672 646 2737 informari
659 2681 760 2751 atque
776 2676 923 2737 inclinari
938 2676 981 2736 ad
996 2683 1106 2737 actum
1123 2677 1218 2738 :illud

208 2767 298 2826 enim
313 2763 441 2821 tantum
456 2759 566 2832 potest
592 2754 804 2826 determinari
833 2755 923 2831 quod
952 2760 1002 2816 est
1028 2756 1216 2819 indetermi-

206 2854 333 2905 natum.
350 2841 409 2898 Ex.
429 2858 436 2897 :
454 2835 611 2895 Voluntas
625 2834 768 2895 humana
789 2836 895 2897 varios
917 2834 1049 2898 habitus
1072 2838 1216 2913 recipere

206 2924 329 2999 potest,
348 2920 424 2995 quia
442 2916 533 2976 varie
554 2917 606 2973 cst
630 2913 902 2987 determinabilis;
926 2916 1012 2976 vires
1035 2917 1215 2977 materiales

206 3000 372 3062 habitibus
383 2993 549 3058 informari
557 2997 742 3069 nequeunt,
759 2995 836 3070 quia
850 2997 928 3055 sunt
941 2995 1094 3057 absolute
1110 2995 1215 3057 deter-
1306 3044 1307 3049 ,

206 3082 335 3143 minata
349 3080 505 3151 respectu
519 3073 570 3134 sui
591 3072 741 3133 effectus

195 3221 198 3227 ,
247 3159 317 3221 368.
334 3154 699 3228 -Habituspraecipue
722 3150 877 3213 dividitur
901 3155 1026 3214 ratione
1049 3158 1117 3215 tum
1139 3154 1211 3215 sul)-
1305 3184 1306 3193 ,

192 3238 296 3320 ,jecti
315 3242 384 3299 tum
400 3249 505 3295 causae
520 3230 692 3292 efficientis
709 3248 715 3289 :

194 3379 198 3385 ,
249 3318 333 3381 l⁰llx
347 3314 498 3393 subjecto
509 3312 543 3371 in
554 3328 619 3389 quo
631 3315 692 3385 est,
703 3310 834 3371 habitus
847 3307 1000 3391 dividitur
1009 3312 1043 3371 in
1052 3314 1210 3384 moretoni,

237 3474 272 3537 (1)
289 3474 365 3521 Sura.
385 3470 433 3530 th,
447 3484 473 3531 p.
490 3467 513 3527 1,
530 3482 556 3530 q.
571 3480 674 3524 cxxvu,
691 3482 715 3516 a.
729 3464 753 3513 3.

196 3615 202 3624 ·
240 3594 277 3648 (at
293 3590 327 3637 lt.
345 3586 439 3635 Tuom,
461 3582 484 3628 1·
499 3581 530 3628 2oe
544 3595 587 3643 qu.
602 3580 642 3637 19,
667 3584 720 3632 art.
738 3580 761 3639 1,
780 3581 809 3641 43
826 3592 868 3645 qu.
885 3581 925 3645 50,
941 3587 990 3633 art.
1007 3584 1028 3645 1,
1045 3583 1109 3648 et33
1124 3598 1160 3649 qu.
1170 3584 1209 3641 51,

208 3657 259 3701 art.
272 3652 298 3710 2,
309 3650 333 3706 33
342 3674 374 3686 -
386 3647 410 3696 2Δ
424 3646 456 3694 2⁸³
465 3658 508 3705 qu.
523 3642 546 3702 1,
558 3647 607 3689 ort.
623 3643 648 3701 4,
658 3642 682 3690 5.
