2650 4242
178 187 200 251 li
487 207 667 258 austrinum
688 210 892 256 rnitosorais

222 324 251 383 l·
275 329 368 389 Pors.
387 330 541 406 soojocet
555 349 565 389 :
579 327 753 388 Probatur.
770 327 980 405 Philosophia
992 327 1025 387 in
1039 325 1199 387 veritates

179 406 369 484 superiores
391 409 514 470 ordinis
542 409 702 470 naturalis
716 408 888 481 incumbit,
906 423 988 486 quas
1009 402 1199 466 considerat

180 484 216 546 in
248 485 373 549 lumine
394 489 529 550 rationis
557 489 724 558 humanae,
748 486 828 548 dum
848 486 1028 564 'theologia
1041 486 1199 547 veritates

182 570 451 643 supernaturales
482 569 704 646 persequitur,
735 583 817 644 quas
851 569 885 628 in
912 567 1036 626 lumine
1063 562 1140 624 fidei
1165 567 1200 624 et

180 645 393 709 revelationis
443 649 623 727 cognoscit.
659 649 759 722 Atqui
796 648 836 721 1⁰,
858 649 1015 709 veritates
1039 659 1198 721 superna·

182 725 306 784 tur-ales
327 729 480 790 omnibus
494 728 617 788 ordinis
627 727 785 788 naturalis
804 728 996 788 veritatibus
1019 723 1199 784 nobiliores

181 813 277 878 sunt;
292 807 323 865 2⁰
337 808 419 869 ratio
434 809 579 868 humana
592 804 718 869 infinite
734 805 832 868 distat
842 807 883 867 ab
892 807 1060 867 intellectu
1075 803 1196 876 divin0,

183 884 240 962 qui
262 893 311 946 est
325 884 398 948 fons
415 891 447 948 et
461 887 575 948 lumen
589 889 762 948 veritatum
771 887 990 947 revelatarum
1002 893 1034 945 et
1043 898 1201 961 suprema

181 965 297 1042 regula
340 969 446 1028 omnis
480 967 634 1028 veritatis.
678 968 762 1046 Ergo
799 966 1008 1044 Philosophia
1035 967 1096 1025 sub
1135 963 1199 1024 hoc

184 1041 307 1120 duplici
354 1051 511 1123 respectu
557 1045 766 1107 considerata
798 1044 939 1107 dicenda
992 1048 1043 1105 est
1081 1043 1201 1104 ancilla

182 1124 373 1202 'theologiae
402 1127 496 1206 quus
529 1126 741 1202 pronuntiata
763 1126 859 1203 sequi
879 1128 1019 1186 tenetur.
1050 1123 1198 1200 Quapro-

83 1213 86 1226 ‘
182 1205 259 1280 pter
282 1219 375 1266 conc.
411 1207 514 1266 Vatic.
542 1203 584 1284 (l)
606 1205 778 1267 declarat:
805 1231 817 1259 ‹
842 1205 874 1266 Si
898 1207 986 1282 quis·
1002 1203 1130 1274 dixerit,
1153 1201 1200 1262 di·

181 1283 337 1360 soiplihas
359 1286 519 1347 humanas
542 1301 580 1345 ea
609 1302 684 1346 cum
710 1286 864 1346 libertate
894 1284 1080 1345 tractandas
1112 1298 1198 1355 esse,

182 1369 219 1424 ut
237 1376 351 1424 earum
367 1367 578 1435 assertiones
598 1366 660 1426 elsi
675 1363 833 1426 doctrinae
850 1365 1005 1426 revelatae
1021 1363 1202 1439 adversen-

182 1447 247 1514 tur,
261 1447 417 1520 tanquam
432 1461 521 1506 verae
535 1445 671 1506 retineri
674 1490 735 1506 .....
752 1450 900 1522 possent,
924 1445 1098 1505 anathema
1112 1443 1164 1504 sit.
1184 1465 1197 1493 »

224 1523 255 1582 2·
284 1527 377 1585 Pars.
397 1526 522 1586 Utiliter
534 1525 690 1587 subservit
702 1526 849 1586 :Etenim
861 1523 972 1602 quoad
981 1522 1201 1604 syntheticam

183 1603 585 1665 revelatarumveritatum
599 1604 849 1681 dispositionem
861 1601 1201 1682 etaliqualemintelli-

182 1683 343 1760 gentiam,
374 1700 435 1745 seu
451 1689 614 1761 quatenus
629 1701 728 1761 supra
751 1684 952 1746 catechesim
968 1689 1002 1745 et
1028 1682 1202 1760 positivam

183 1761 390 1842 singulorum
413 1765 606 1843 dogmatum
632 1764 925 1834 confirmationem,
949 1763 992 1824 ad
1007 1765 1202 1839 apparatum

182 1841 401 1904 scientificum
424 1844 573 1906 evehitur
599 1845 791 1922 Theologia‚
811 1843 878 1905 ida
907 1842 1113 1919 Philosophia
1132 1856 1201 1902 non

183 1923 316 1983 minima
340 1939 380 1982 ex
396 1929 489 2001 parte
504 1928 686 1998 mutuatum
703 1925 816 2002 itaque
827 1923 1033 2000 Philosophia
1049 1924 1099 1982 est
1112 1919 1201 1981 utilis

184 2001 304 2062 ancilla
325 2003 527 2080 Theologiae.
1026 2031 1030 2035 ·
1076 2040 1082 2053 ι

223 2081 255 2141 6.
280 2112 317 2126 —
332 2083 439 2144 scoot.
452 2085 536 2162 Ergo
549 2083 708 2160 principia
722 2083 940 2158 Philosophiae
953 2085 1030 2142 sunt
1043 2080 1200 2141 altissima

183 2167 342 2236 respectu
385 2163 620 2240 principiorum
669 2179 745 2241 quae
782 2163 964 2224 dominium
999 2161 1202 2222 constituunt

185 2242 333 2301 omnium
348 2243 560 2304 scientiarum
575 2243 785 2316 naturalium,
803 2243 880 2304 dum
899 2258 917 2302 o
933 2248 1046 2303 contra
1059 2244 1137 2302 sunt
1151 2255 1202 2299 or·

182 2315 270 2380 dinis
287 2319 449 2382 inferioris
464 2328 619 2399 respectu
634 2323 870 2401 principiorum
880 2321 1068 2399 Tlreologiae
1082 2335 1199 2396 super·

184 2401 353 2461 naturalis.
370 2401 576 2480 Philosophia
586 2404 685 2482 igitur
696 2409 746 2463 est
758 2401 910 2480 quaedam
918 2400 1089 2476 disciplina
1102 2402 1201 2461 inter·

183 2479 305 2548 media,
331 2497 405 2558 quae
431 2487 586 2559 respectu
613 2483 792 2545 nobilitatis
817 2483 868 2543 sui
892 2480 1016 2558 objecti
1042 2480 1202 2557 spatiatur

183 2559 272 2619 inter
292 2560 507 2701 Pheologiam
521 2563 808 2640 supernaturalem
844 2565 877 2623 et
899 2571 1023 2622 'omnes
1048 2559 1202 2622 scientias

183 2644 361 2701 naturaes.

413 2797 427 2870 5
441 2797 492 2856 IV.
509 2799 551 2856 De
566 2799 748 2873 Philosophiae
763 2798 931 2872 partitione(
948 2799 971 2867 ).

225 2945 255 3006 7.
279 2977 317 2988 ·-
333 2946 451 3008 Divisio
467 2949 604 3027 alicujus
619 2949 767 3011 scientiae
784 2951 908 3026 petitur
922 2948 962 3008 ab
975 2945 1106 3025 objecto
1118 2944 1203 3004 circa

186 3023 277 3103 quod
297 3030 458 3088 versatur.
474 3029 593 3090 Divisio
620 3033 709 3092 enim
728 3034 901 3092 enumerat
921 3027 1028 3088 varios
1049 3029 1203 3101 aspectus

184 3105 246 3167 sub
276 3105 396 3184 quihus
424 3107 505 3168 illud
533 3110 701 3189 objectum
724 3125 800 3169 sese
821 3108 950 3169 exhibet
975 3103 1202 3183 cognoscenti.

183 3183 284 3246 Porro
295 3185 464 3262 objectum
482 3188 696 3266 adaequatum
709 3187 939 3265 Philosophiae,
961 3190 999 3245 ut
1014 3187 1143 3246 constat
1163 3199 1204 3244 ex

185 3261 391 3335 delinitione,
416 3269 562 3329 consistit
585 3270 619 3328 in
632 3270 735 3330 rebus
763 3266 916 3330 omnibus
938 3265 1045 3327 altiori
1061 3261 1205 3342 quadam

184 3342 451 3406 consideratione
473 3347 641 3426 inspectis.
677 3350 826 3410 Jamvero
858 3366 865 3407 :

217 3497 252 3562 (1)
261 3497 350 3549 const.
368 3497 456 3563 dogm.
473 3497 506 3549 de
515 3499 579 3551 Fide
592 3503 660 3553 cath.
675 3503 793 3564 1v‚can.
807 3502 835 3554 2.

216 3605 253 3669 (ἢ
263 3603 321 3657 Vid.
336 3604 364 3657 S·
380 3605 578 3666 Thomam,lect.
594 3609 604 3658 l
618 3606 670 3659 ini
684 3608 833 3659 Ethicorum
847 3611 874 3656 et
886 3606 914 3656 in
927 3620 983 3670 cap.
997 3619 1017 3654 11
1030 3601 1154 3654 Matthaei.
