2650 4242
478 320 594 364 LOGlCAE
617 319 690 364 Plus
712 322 732 364 1.

462 512 678 576 ARTlCULUS
699 514 751 574 lll.
801 522 803 525 ’

487 685 533 742 De
546 682 681 743 scicntia
692 679 746 762 (l).

136 848 211 910 137.
241 880 279 890 —
306 847 479 910 Methodus
514 848 556 910 ad
585 849 757 910 scientiam
782 847 1026 927 assequendam
1054 861 1115 908 nos

87 929 233 1006 dirigit3
249 926 338 989 unde
362 929 434 1006 jam
454 932 588 1005 peracta
604 929 795 990 tractatione
816 928 858 989 de
873 927 1031 990 methodo
1072 924 1115 987 ad

88 1008 177 1087 ejus
190 1007 302 1081 linem,
327 1009 383 1086 qui
399 1013 449 1069 est
464 1009 611 1078 scientia,
634 1008 845 1088 migrandum
860 1013 921 1070 est.

136 1089 233 1150 Circa
248 1088 420 1148 scientiam
435 1103 586 1166 quaerere
602 1087 765 1150 debemus
780 1087 860 1167 quid
878 1093 913 1150 et
934 1087 1116 1166 quotuplex

89 1169 151 1230 sit.

439 1319 457 1380 ἓ
471 1317 493 1370 Ι.
509 1315 585 1381 Quid
599 1315 638 1371 sit
652 1315 790 1371 scientia?

142 1455 211 1518 138.
226 1488 263 1497 -
275 1456 400 1517 Nomen
410 1457 550 1517 scientia
564 1455 663 1517 modo
674 1457 878 1533 ampliorem,
892 1455 989 1518 modo
1002 1456 1118 1516 aretio-

91 1549 174 1674 rim
190 1615 195 1627 ¹
210 1535 486 1627 significationem
512 1536 623 1597 hahet.
656 1535 793 1597 Omissis
824 1533 1119 1614 significationibus

92 1632 113 1674 a
144 1631 260 1690 usius,

144 1696 175 1756 l⁰
188 1695 368 1772 Aliquando
386 1695 521 1755 scientia
529 1693 690 1773 significat
704 1695 886 1772 quamlibet
897 1694 1120 1773 cognitionem

96 1773 281 1836 evidenter
309 1780 468 1852 certoque
498 1791 622 1846 veram,
651 1777 721 1836 slve
749 1790 811 1851 per
836 1791 873 1836 se
902 1780 1026 1847 notam,
1050 1775 1118 1834 slve

97 1854 400 1918 demonstratione.
418 1860 483 1915 tam
499 1857 577 1930 quia
592 1870 693 1933 quam
702 1860 839 1931 propter
867 1856 955 1930 quid,
983 1869 1118 1930 compa·

95 1938 222 2001 ratam.
253 1938 287 1995 et
309 1937 355 1996 sic
380 1935 560 2011 opponitur
584 1937 700 2007 errori,
716 1934 862 2010 opinioni
880 1933 1013 1994 ettidei.

141 2017 178 2076 2⁰
206 2013 411 2076 Strictissime
433 2031 510 2075 vero
541 2017 681 2076 scientia
710 2012 874 2092 significat
895 2013 1119 2092 cognitionem

99 2093 322 2155 discursivam
344 2108 418 2170 quae
449 2111 511 2170 per
533 2092 851 2156 demonstrationem
870 2098 1007 2168 propter
1041 2092 1121 2167 quid

99 2173 296 2250 acquiritur.
323 2170 482 2234 Definitur
504 2173 545 2234 ab
560 2173 725 2234 Aristotel.
751 2172 788 2252 (l.
812 2170 913 2250 Post.)
937 2197 949 2225 «
974 2171 1120 2249 cognitio

98 2256 155 2316 rei
178 2269 240 2329 per
269 2267 412 2323 causam,
439 2270 500 2330 per
525 2269 624 2330 quam
648 2269 703 2313 res
728 2254 774 2313 ita
790 2255 842 2312 est
863 2258 900 2311 ut
927 2267 995 2312 non
1016 2250 1120 2327 possit

100 2334 201 2395 aliter
224 2348 260 2394 se
277 2332 402 2393 habere
431 2357 457 2393 ι.
484 2334 536 2394 Sic
559 2331 772 2412 distinguitur
793 2334 863 2391 lum
891 2347 910 2390 a
931 2331 1120 2409 cognitione

100 2413 265 2488 simplicis
279 2412 505 2492 intelligentiae
530 2428 591 2474 seu
609 2411 811 2483 immediata,
827 2417 931 2472 tuma
954 2409 1118 2489 cognitio-

102 2508 148 2555 ne
164 2493 332 2561 historica,
355 2493 388 2552 ld
412 2498 463 2553 est
477 2508 496 2552 a
510 2508 601 2553 mera
618 2493 806 2570 cognitione
821 2489 908 2551 lacti.

141 2574 174 2634 3⁰
189 2572 349 2631 Praeterea
369 2572 515 2632 scientiae
534 2573 732 2635 vocabulum
760 2570 934 2631 adhibetur
957 2567 990 2628 in
1019 2581 1122 2629 sensu

103 2651 273 2731 objectivo
303 2654 338 2710 et
364 2652 473 2719 latius,
506 2651 548 2713 ad
576 2652 744 2730 integrum
777 2654 922 2729 systema
950 2648 1122 2708 notionum

104 2728 349 2801 denotandum,
379 2736 477 2808 prout
502 2734 574 2792 istae
600 2733 753 2794 notiones
779 2731 864 2790 circa
884 2744 989 2789 unum
1010 2728 1121 2804 objec-

104 2817 179 2872 tum
200 2813 382 2883 versantur,
413 2815 446 2872 et
467 2813 528 2872 sub
548 2811 714 2888 principiis
742 2826 762 2870 a
793 2809 913 2887 quibus
937 2807 1122 2885 procedunt

104 2889 311 2953 ordinantur.
344 2889 395 2950 Sic
430 2892 570 2952 sumitur
596 2894 633 2951 ut
667 2891 806 2951 scientia
829 2888 984 2966 quaedam
1012 2886 1122 2947 totalis

104 2967 402 3128 compregiendens
416 2971 528 3047 plures
552 2971 707 3032 scientias
726 2984 787 3030 seu
806 2969 957 3030 notiones
976 2967 1120 3044 particu-

104 3052 195 3113 lares
228 3052 271 3111 2.

147 3049 331 3192 4⁰'l'aindem
342 3145 465 3189 nomen
479 3129 626 3190 scientiae
640 3126 817 3205 aliquando
836 3126 869 3187 in
884 3142 985 3187 sensu
997 3126 1126 3202 subjec-

106 3213 175 3273 rivo
191 3211 329 3271 sumitur
339 3209 380 3269 ad
391 3208 604 3270 indicandum
614 3209 758 3268 tabitam
770 3207 825 3284 qui
835 3211 982 3267 mentem
996 3204 1127 3266 ordinat

106 3290 151 3353 ad
167 3290 249 3351 illud
262 3295 408 3370 systema
429 3287 711 3369 cognoscendum.
737 3287 878 3349 scientia
893 3289 982 3348 enim
995 3283 1128 3363 proprie

143 3475 182 3540 (l)
205 3474 337 3524 D.Thom.
352 3471 380 3521 in
393 3471 504 3535 Physic.
520 3470 610 3519 lecti.

143 3566 179 3629 (2)
192 3566 233 3614 An
247 3561 340 3631 dentur
353 3560 438 3632 plures
448 3558 564 3630 'scientiae
577 3558 678 3619 toules,
696 3556 742 3627 vel·
758 3557 833 3606 unica
851 3555 884 3605 sit
907 3553 1021 3624 omnium
1044 3568 1130 3603 rerum

110 3623 414 3754 {ciiszutixaxssgtellpsulltl'lide
429 3621 610 3688 disputationes
624 3620 832 3671 scholasticorum
845 3617 914 3682 apud
921 3618 1052 3689 Pontium,
1066 3615 1131 3680 Log.
