2650 4242
460 285 584 331 'toarcis
604 284 678 330 rsus
699 289 731 330 u.
1074 265 1131 330 103

149 397 372 460 Probabilitos
393 398 512 461 dicitur
533 398 717 460 demoliris
739 415 809 476 qnae
824 399 1008 474 opinionem
1020 400 1129 475 pipnc·

100 493 146 538 re
155 485 304 554 possunt,
321 495 382 542 seu
402 479 447 540 ita
468 481 581 558 gravia
592 485 670 540 sunl
690 484 730 542 ut
742 479 1016 556 approbationem
1032 494 1126 540 men·

102 560 151 619 tis
173 559 346 636 prudentis
365 564 568 630 mereantur,
585 559 666 620 dum
685 560 795 634 opinio
814 562 864 618 est
883 562 955 635 ipse
972 573 1128 620 assensus

99 637 158 698 rei
173 640 347 716 proposita
363 641 525 716 praestitus
539 645 676 717 propter
690 640 757 721 haec
772 639 904 700 motiva.
919 639 1054 699 Ratione
1071 640 1127 701 ho-

100 721 393 876 mmmotivorum
412 719 521 797 opinio
554 723 588 780 et
613 719 826 796 probabilitas
861 719 950 780 varie
982 722 1127 794 partiun-

104 801 165 858 tur
190 802 230 860 l.
892 835 894 840 ν
1114 837 1119 854 t

151 878 222 941 165.
235 880 298 939 -l.
312 878 344 941 Si
365 882 533 956 spectatur
543 878 755 954 probabilitas
778 876 889 954 quoad
909 893 1004 938 suam
1025 878 1128 956 origi-

103 973 201 1032 nem,
238 959 358 1019 motiva
381 973 553 1020 assensum
575 957 828 1020 determinantia
844 960 952 1034 repeti
976 963 1126 1032 possunt,

151 1041 181 1099 1⁰
202 1039 249 1098 Ex
269 1037 454 1100 intrinsecis
467 1041 517 1102 rei
532 1038 758 1112 constitutivis,
777 1041 809 1099 et
820 1043 898 1100 tuuc
909 1035 1126 1113 probabilitas

104 1116 230 1180 dicitur
249 1120 422 1179 intrinseca
443 1134 502 1180 seu
523 1122 675 1189 interam·
925 1151 926 1155 =
1124 1169 1125 1172 ,

146 1199 181 1258 2⁰
202 1200 248 1260 llx
270 1197 484 1259 affirmatione
501 1199 693 1274 perilorum,
718 1195 830 1274 quide
853 1195 924 1273 ipsa
944 1197 992 1256 rei
1008 1201 1125 1258 natura

103 1277 334 1339 testimonium
356 1278 448 1347 dant,
474 1283 508 1338 et
526 1277 593 1338 hac
617 1277 739 1336 motiva
763 1276 947 1338 extrinseca
967 1277 1123 1338 determi-

101 1365 189 1420 nant
209 1358 474 1435 probabilitatem
497 1359 714 1418 extrinsecam
737 1372 798 1417 seu
819 1362 1001 1417 aeternam.

148 1438 187 1498 ll.
210 1441 364 1515 Spectato
381 1436 530 1514 pondere
551 1438 758 1506 malivorum,
775 1437 986 1514 probabilitas
1008 1436 1123 1518 diuidi-

104 1518 217 1578 turin
237 1518 479 1593 pravissimam,
501 1532 646 1592 pauent,
667 1517 768 1576 levem
790 1521 823 1576 ot
845 1516 1041 1578 levissimam
1064 1533 1126 1578 seu

102 1602 247 1670 tenuent,
264 1602 362 1673 prout
391 1598 547 1664 rationes,
576 1612 646 1674 qua
681 1611 854 1657 assensum
890 1595 1123 1672 determinant,

102 1682 186 1738 sunt
206 1678 420 1755 gravissimae,
444 1681 501 1738 aut
514 1691 645 1755 graves,
661 1677 829 1744 autleves,
847 1680 904 1736 aut
917 1675 987 1737 fere
1002 1677 1124 1740 nullius

102 1761 186 1817 sunt
199 1757 367 1834 ponderis

148 1836 268 1913 Opinio
284 1853 354 1915 quae
374 1835 605 1912 probabilitate
620 1834 787 1905 fundatur,
805 1834 870 1897 dici
883 1839 992 1911 potest
1002 1835 1125 1903 proba·

103 1916 278 1988 bilissima,
292 1916 509 1993 probabilior,
525 1933 613 1990 ealle
628 1921 663 1977 et'
674 1917 782 1996 minas
792 1916 986 1991 probabilis,
1004 1919 1037 1975 et
1048 1918 1123 1974 lan-

104 1995 186 2056 dem
206 1996 442 2072 improbabilis.
459 1998 494 2056 ln
508 1995 661 2073 opinione
685 1995 772 2055 enim
787 2011 848 2056 scu
863 1997 1027 2059 sententia
1050 2010 1123 2069 pro·

102 2075 218 2147 babili,
233 2076 461 2138 consideratur
475 2075 654 2152 propositio
672 2089 772 2152 quam
787 2089 882 2136 mens
902 2075 1121 2151 amplectitur,

103 2161 264 2232 respectu
285 2156 514 2233 propositionis
529 2154 797 2222 contradictoriae,
822 2161 854 2216 et
876 2159 1065 2233 comparate
1081 2153 1123 2215 ad

103 2236 195 2297 illam
218 2235 337 2298 dicitur
357 2236 569 2312 probabilior,
591 2251 684 2312 aque
708 2235 762 2297 vel
783 2237 893 2295 minus
929 2235 1120 2312 probabilis
1150 2255 1151 2258 ¹
1216 2269 1222 2280 ·

104 2319 185 2387 etc,
213 2321 312 2392 prout
339 2317 484 2376 rationes
505 2318 581 2376 sunt
610 2315 790 2394 graviores,
826 2330 917 2391 aeque
941 2315 994 2376 vel
1014 2316 1122 2375 minus

102 2412 235 2537 ffiffis,
266 2401 328 2457 etc.
353 2397 431 2457 Hinc
453 2394 666 2473 probabilitas
698 2393 877 2474 quamdam
912 2394 1119 2456 latitudinem

109 2626 176 2688 166.
200 2660 239 2670 -
258 2627 376 2687 Tarsis.
398 2628 503 2686 Minor
521 2624 740 2702 probabilitas
756 2626 788 2685 io
810 2625 960 2698 conflicta
984 2624 1122 2699 majoris

142 2722 210 2768 non
228 2705 371 2767 eliditur.

142 2847 237 2908 Noto.
250 2845 331 2906 Sunt
341 2845 491 2907 nonnulli
500 2845 645 2925 theologi
656 2845 711 2923 qui
727 2848 899 2907 autumant
913 2843 1119 2919 probabilita-

105 2931 172 2987 tem
185 2929 347 2988 minorem
362 2926 395 2986 in
418 2925 571 2986 conflictu
583 2926 718 3005 npajoris
732 2928 865 3002 penitus
889 2924 1026 2985 destrui.
1052 2925 1118 2986 Sed

102 3005 226 3069 falsilas
240 3006 339 3085 huJus
353 3006 522 3066 sententiaa
536 3008 690 3083 sequenti
701 3008 896 3085 argumento
914 3006 1116 3082 coarguitur.

134 3132 168 3195 (t)
181 3131 276 3183 Mutiva
291 3131 334 3181 illa
346 3146 404 3196 quae
414 3143 546 3181 assensum
559 3131 716 3196 probabilem
729 3123 903 3182 'determinare
924 3130 1017 3191 valent,
1041 3148 1120 3182 voca-

104 3196 196 3244 luatur
208 3211 223 3244 a
238 3193 373 3252 veteribus,
393 3197 450 3257 post
459 3193 635 3254 Aristotelem,
649 3196 706 3244 loca
720 3197 808 3256 topica
827 3209 870 3242 seu
891 3193 1033 3244 dialectica
1044 3195 1118 3258 (Vide

103 3256 232 3327 Pontium,
246 3255 340 3324 introd.
353 3255 387 3304 ad
401 3257 463 3317 Lag.
475 3271 533 3320 cap.
550 3257 591 3317 25>
608 3271 614 3305 ι
628 3256 720 3326 topica,
735 3256 793 3326 quia
809 3257 878 3326 locos
892 3256 1008 3325 praebent
1023 3256 1053 3327 in¹
1072 3273 1119 3307 ar-

102 3323 127 3387 te
143 3317 296 3386 imputandi,
316 3332 381 3387 quae¹
393 3318 499 3381 proinde
510 3323 616 3386 vocatur
639 3324 738 3378 topica;
763 3318 905 3376 malacisso,
920 3333 980 3387 quia
1005 3325 1118 3369 rabones

100 3379 245 3449 disputandi
260 3393 317 3427 cum
332 3379 423 3448 majori
437 3379 477 3428 vel
490 3380 583 3429 minori
597 3378 777 3449 probabilitate
791 3378 912 3449 offerunt:
933 3381 1077 3442 Disputatio
1091 3382 1117 3430 in

99 3455 238 3504 praemissis
250 3441 423 3512 probabilibus
431 3441 460 3490 fit
467 3456 512 3506 per
521 3442 685 3511 'syllogismos
698 3441 855 3510 dialecticos,
872 3455 914 3504 qut
930 3455 981 3489 nou
995 3441 1118 3514 differunt

100 3501 1006 3614 tttltlttllt’tittttlltlttttttttttltlttltllt
1021 3505 1116 3614 ltttt

98 3627 166 3697 les.»
177 3605 361 3698 disputationes
371 3626 403 3675 de
421 3627 567 3699 syllogismo
581 3627 729 3697 dialectico,
744 3625 787 3689 qui
811 3626 958 3692 simpliciter
981 3583 1115 3693 subjicitur

101 3689 199 3753 legibus
212 3692 340 3738 ratiocrnu
353 3703 381 3738 m
393 3688 476 3754 logaca
490 3689 591 3739 formali
604 3688 746 3754 exphcatn.
