2650 4242
221 253 256 312 ta
526 267 705 311 suut'umuu
728 267 928 310 virtuosorum

217 400 311 444 mens
327 400 390 460 cpe
407 385 555 445 onmium
569 385 690 445 mentis
705 382 934 460 operationum
948 376 1075 455 verum,
1090 397 1154 459 qua
1168 382 1235 441 late
1320 364 1322 381 ’

219 468 320 542 patet,
337 465 564 541 prosequitur.
1320 510 1321 539 ,

259 545 372 620 ltaque
387 543 436 604 his
452 544 606 604 omnihus
621 545 751 602 constat
765 541 934 619 objectum
949 541 1120 601 materiale
1141 539 1233 600 adae·
1320 545 1321 560 ¹

219 629 355 700 quatum
369 624 486 700 logicae
501 622 658 693 formalis,
678 623 757 681 licet
773 622 845 700 ejus
871 623 1041 699 objectum
1064 622 1234 697 proprium

212 712 280 765 'seu
293 702 430 763 formale
446 705 487 762 sit
501 704 572 778 ipse
589 701 669 763 crdo
687 718 786 778 quem
801 701 884 761 ratio
900 701 993 777 ponit
1006 702 1041 760 in
1064 702 1131 760 suis
1156 716 1235 776 ope-

219 783 412 848 rationibus,
430 784 599 859 speciatim
619 781 837 840 ratiocinium.
862 783 1070 857 Quapropter
1094 781 1236 856 simplex

219 863 438 938 apprehensio
457 869 489 922 et
499 861 660 939 judicium
676 862 729 920 hic
745 861 995 921 considerantur
1013 863 1050 919 ut
1069 868 1145 920 sunt
1168 860 1235 919 ele-

218 946 331 1002 menta
346 944 520 1013 divisionis,
539 943 734 1016 definitionis
751 947 779 999 et
794 942 970 1007 ratiocinii,
986 941 1041 999 vel
1054 940 1117 999 illis
1131 941 1234 1000 inser-

219 1023 334 1082 vlunt:
352 1023 596 1096 namohiectioc
615 1023 765 1097 spectata
784 1021 826 1080 ad
850 1020 1112 1098 metaphysicam
1136 1020 1235 1096 perti·
1322 1062 1324 1074 .

218 1106 310 1162 nent.
328 1102 460 1172 Divisio,
479 1101 622 1162 definitio
640 1105 673 1160 et
687 1100 892 1160 ratiocinium
908 1100 1065 1176 appellari
1085 1101 1193 1160 solent
1216 1116 1235 1160 a

217 1180 332 1258 logicis
353 1182 443 1239 spioni
463 1184 594 1254 sciendi,
621 1185 653 1239 et
667 1179 744 1238 ideo
768 1181 887 1257 Lagina
911 1195 1003 1256 saepe
1028 1179 1181 1241 dividitur
1201 1178 1235 1239 in
1322 1194 1323 1197 ’

218 1262 379 1338 triplicem
392 1265 532 1335 partem,
545 1261 640 1339 Juxta
654 1260 728 1319 illos
741 1263 807 1318 tres
818 1258 937 1320 modos
948 1260 1085 1320 sciendi.
1096 1262 1234 1332 Tamen,

215 1340 459 1416 perspicuitatis
485 1357 595 1412 causa,
622 1338 795 1399 dialectica
821 1338 1024 1400 distribuitur
1049 1356 1067 1399 a
1091 1340 1187 1400 nobis
1203 1339 1236 1397 in

220 1426 358 1497 quatuor
374 1420 492 1496 capita,
509 1435 584 1496 quae
601 1417 810 1479 enucleanda
828 1420 1038 1490 assumimus
1066 1436 1084 1480 a
1108 1418 1233 1496 simpli·

218 1500 360 1560 eiorihus
375 1499 417 1559 ad
433 1501 540 1577 magis
557 1499 740 1574 corrrpcsita
755 1498 1015 1576 progrediendn
1323 1494 1324 1519 ¹

645 1668 771 1730 CAPUT
793 1670 803 1728 l

502 1837 539 1877 DE
555 1834 680 1878 stttt’LtCt
694 1835 945 1879 APPREHENSIONE.

261 1965 308 2025 14.
324 1999 362 2008 —
377 1966 439 2026 Per
455 1966 634 2042 simplicem
654 1969 953 2042 apprehensionem,
978 1968 1169 2045 intelligitur
1195 1986 1237 2030 ea

217 2046 405 2106 intellectus
421 2048 567 2123 operatio
585 2063 650 2123 qua
666 2048 800 2123 aliquod
811 2048 979 2126 objectum
990 2064 1081 2108 mere
1092 2049 1234 2126 percipi·

220 2129 286 2196 tur,
303 2143 333 2186 v.
351 2142 400 2204 gr.
420 2143 585 2203 cognosco
601 2127 781 2197 hominem,
798 2129 1008 2207 triangulum.
1027 2129 1236 2189 Dicitur-sim-

214 2205 296 2280 plex
311 2206 532 2280 apprehensio,
551 2215 791 2283 quatenusper
811 2225 884 2268 eam
907 2209 1094 2268 intellectus
1119 2210 1233 2287 ohjec-

220 2290 290 2344 tum
315 2285 546 2361 apprehendit,
574 2288 749 2362 quominus
764 2287 808 2349 illi
824 2287 942 2347 tribuat
957 2288 1160 2364 qualitatem,
1178 2293 1237 2350 aut

219 2365 398 2442 specialem
415 2363 735 2426 determinationem.

260 2445 404 2520 Simplex
419 2445 637 2522 apprehensio
652 2445 687 2503 in
701 2444 833 2520 proprio
849 2461 950 2506 sensu
966 2445 1084 2506 dicitur
1098 2446 1139 2508 de
1162 2449 1234 2523 ipso

220 2528 297 2583 actu
323 2524 443 2584 mentis
467 2540 538 2585 rem
563 2525 710 2601 aliquam
732 2525 957 2601 percipientis:
988 2525 1079 2586 unde
1106 2531 1236 2587 mot-um

219 2603 327 2678 ipsum
340 2604 528 2664 intellectus
545 2603 747 2676 denominat,
765 2605 859 2683 cujus
875 2606 1012 2666 effectus
1024 2610 1073 2666 est
1089 2622 1235 2683 concep·

223 2688 293 2757 tus;
321 2699 400 2761 ergo
426 2683 566 2760 simplex
591 2685 809 2760 apprehensio
826 2689 877 2744 est
892 2688 1082 2762 conceptio;
1101 2686 1134 2746 id
1155 2703 1234 2747 vero

221 2763 312 2838 quod
333 2761 368 2822 nt
392 2764 559 2838 perhanc
588 2765 851 2839 conceptionem,
866 2771 929 2824 est
954 2771 1148 2842 conceptus,
1173 2781 1236 2826 seu

219 2841 306 2910 idea,
332 2857 406 2918 quae
423 2860 483 2918 per
502 2845 740 2921 metonymiam
759 2844 945 2919 appellatur
970 2848 1069 2904 etiam
1092 2847 1235 2922 simplex

220 2921 452 2996 apprehensio
467 2923 572 2982 Prima
593 2921 824 3000 signification
848 2923 997 2984 secunda
1023 2924 1236 3003 distinguitur

220 3003 304 3063 sicut
319 3004 404 3061 actio
421 3019 438 3060 a
454 3017 490 3061 re
507 3002 636 3063 effecta.

260 3081 330 3140 llaec
355 3082 574 3156 apprehensio
600 3083 741 3157 simplex
754 3082 787 3141 in
802 3081 907 3158 prima
928 3081 1168 3161 significatione
1184 3090 1237 3146 est

219 3167 400 3237 conceptus
415 3161 468 3221 ille
485 3161 538 3238 qui
554 3162 664 3222 vocari
679 3163 764 3221 sclet
777 3162 956 3233 formeiis:

259 3240 540 3316 Conceptusenim
552 3240 650 3304 dividi
660 3242 746 3302 solet
756 3242 787 3300 in
799 3241 975 3315 formalem
986 3249 1019 3303 et
1030 3243 1232 3318 objectionem.

219 3320 373 3380 Formalis
398 3324 448 3380 est
472 3325 563 3382 actus
586 3323 658 3399 ipse
688 3337 753 3398 quo
778 3321 964 3381 intellectus
988 3339 1060 3384 rem
1091 3323 1236 3400 aliquam

220 3400 376 3474 concipit:
992 3446 993 3449 ,

265 3479 457 3557 Ohjectivus
473 3487 583 3541 autem
597 3484 634 3540 ut
651 3480 723 3556 ipsa
733 3496 786 3539 res
803 3479 854 3540 vel
865 3481 946 3541 ratio
960 3481 1021 3541 hoc
1033 3485 1108 3542 actu
1119 3499 1235 3560 appre-

218 3558 324 3619 hensa
354 3563 386 3619 et
414 3567 578 3636 quatenus
610 3559 873 3637 apprehenditur
902 3579 909 3620 :
940 3560 1066 3622 Dicitur
1094 3577 1234 3640 concep-

221 3641 284 3710 tus,
302 3639 378 3716 quia
394 3644 445 3700 est
457 3641 593 3700 materia
611 3641 696 3701 circa
711 3655 811 3716 quam
824 3644 975 3701 versatur
989 3639 1130 3702 formalis
1154 3660 1231 3704 con-
