2650 4242
247 247 305 308 172
551 264 733 309 suerranum
755 262 956 308 rumosorunu
1020 307 1024 314 ,

243 395 329 452 rum,
346 377 407 439 sed
421 395 553 455 semper
567 396 682 441 verum
696 377 768 452 fuit,
785 395 822 440 ac
842 378 1028 440 necessario
1054 391 1169 438 verum
1192 384 1243 448 est,

241 460 327 521 banc
351 476 420 519 rem
445 459 696 522 determinatam
720 464 882 530 constare,
900 459 949 521 bis
974 457 1200 529 constitutivis
1219 465 1246 519 et

243 555 311 601 non
326 539 407 600 aliis.
423 540 479 601 Ex.
499 559 506 598 t
528 540 729 619 triangulum
743 556 811 600 non
825 537 1002 616 aliquando
1020 539 1123 614 coepit
1136 537 1244 599 babere

244 621 306 682 tria
328 620 431 680 latera
451 623 484 680 et
505 624 576 679 tres
590 621 741 697 angulos
763 619 844 679 sicut
865 619 997 696 spiritus
1021 633 1088 678 non
1114 616 1245 694 aliquan-

244 696 286 762 do
302 700 402 775 coepit
418 715 491 760 esse
509 697 543 758 id
563 700 653 776 quod
679 716 697 761 a
722 698 910 760 conditione
933 697 1093 758 materiali
1119 697 1245 758 liberum

131 785 135 790 '
244 782 305 840 est.
321 780 407 854 Ergo
423 779 571 839 essentiae
585 796 707 850 rerum,
736 781 770 840 in
797 794 834 839 se
863 782 897 839 et
915 778 1078 838 abstracte
1094 779 1245 855 cogitata,

241 873 377 936 prorsus
391 857 610 934 praescindunt
625 861 665 920 ab
682 859 868 929 existentia,
886 862 918 918 et
928 856 1005 917 ideo
1027 857 1068 917 ab
1093 857 1184 918 omni
1202 873 1244 918 ra·

244 939 332 999 tione
349 938 515 1015 temporis,
532 954 570 998 ao
588 938 728 1016 proinde
748 942 825 1000 sunt
848 943 986 1010 aeternae,
1012 952 1116 998 sensu
1141 937 1245 998 saltem

202 1036 204 1047 *
243 1017 410 1096 negativo.
659 1088 662 1092 ¹

284 1099 316 1158 2⁰
342 1097 498 1158 Praeterea
528 1097 677 1160 essentie
705 1112 826 1168 rerum,
859 1111 933 1157 cum
959 1095 1181 1174 ¹praescindunt
1212 1098 1244 1156 ab

244 1177 427 1248 existentia,
444 1178 665 1252 praescindunt
680 1178 778 1238 etiam
804 1176 844 1236 ab
871 1176 959 1236 omni
974 1176 1101 1238 ratione
1129 1180 1246 1252 tempo-

227 1257 298 1330 rie,
316 1261 349 1318 et
363 1256 442 1317 alias
465 1261 543 1317 ante
567 1273 666 1320 omne
691 1261 821 1334 tempus
842 1271 860 1317 a
875 1257 944 1316 Deo
960 1253 1092 1318 inerunt
1109 1256 1244 1333 cognita.

242 1336 328 1414 Ergo
344 1340 421 1396 sunt
435 1339 573 1397 aeternae.
872 1397 876 1404 ,

282 1416 351 1477 284.
369 1449 408 1460 -
423 1415 659 1478 corollarium.
675 1415 830 1477 Essentiae
859 1415 957 1477 etiam
972 1414 1033 1476 diei
1048 1416 1188 1493 possunt
1204 1416 1246 1474 tt·

242 1496 390 1571 oleltnr'tae,
403 1509 469 1555 non
480 1500 590 1556 autem
599 1497 710 1573 quoad
723 1495 1064 1571 comprehensionem,
1076 1493 1139 1555 sed
1150 1494 1246 1570 quoad

242 1577 471 1714 extensionem
501 1594 508 1635 :
538 1581 678 1652 possunt
707 1575 795 1636 enim
824 1573 867 1636 de
894 1574 1071 1637 individuis
1085 1571 1245 1634 indefinite

243 1671 308 1731 pre
334 1671 423 1716 roan.
532 1700 559 1720 „

598 1786 817 1850 ARTICULUS
839 1787 890 1848 lli.

494 1918 538 1976 De
558 1917 728 1977 existentia
742 1920 771 1977 el
780 1915 1007 1993 possibilitate.

282 2046 352 2108 285.
366 2080 403 2088 -
417 2047 482 2108 Ens
496 2047 745 2124 generalissime
760 2051 928 2124 sumptum
943 2044 1037 2108 estid
1053 2045 1144 2124 quod
1158 2046 1245 2108 babet

242 2126 387 2203 aliquam
400 2127 593 2200 realitatem,
619 2125 713 2206 (267).
740 2127 805 2188 Sed
829 2127 862 2188 id
886 2125 977 2206 quod
998 2127 1245 2204 habetaliquam

242 2207 437 2276 realitatem,
455 2208 614 2268 autillam
637 2207 737 2268 babet
760 2211 847 2279 ectu,
873 2214 907 2268 et
931 2210 1008 2268 tunc
1023 2205 1142 2268 dicitur
1156 2207 1245 2266 edsio

241 2291 329 2360 ectu,
341 2302 402 2346 seu
414 2289 573 2358 existens;
587 2291 643 2346 aut
653 2287 871 2355 illamhabere
879 2293 991 2362 potest,
1006 2287 1245 2348 lieetactubano

240 2382 309 2428 non
320 2366 451 2436 babeat,
464 2370 497 2426 et
511 2371 588 2427 tunc
604 2365 723 2428 dicitur
737 2384 791 2428 ens
804 2369 838 2427 lu
847 2369 1003 2443 potentie,
1021 2382 1079 2427 seu
1090 2367 1243 2443 possibile.

282 2447 346 2508 Eus
361 2446 516 2522 possibile
533 2453 565 2506 et
580 2462 640 2507 ens
664 2448 808 2507 existens
833 2447 866 2507 in
882 2447 991 2524 aliquo
1007 2445 1205 2507 conveniunt
1219 2451 1245 2510 et

241 2525 276 2589 iu
291 2526 400 2602 aliquo
425 2524 624 2602 discrepant.
648 2525 865 2597 Conveniunt,
882 2533 1044 2604 quatenus
1058 2528 1190 2604 proprie
1205 2525 1243 2586 di-

244 2611 361 2666 cuntur
372 2608 479 2666 entia:
494 2621 554 2666 ens
569 2607 656 2666 enim
672 2604 834 2684 significat
845 2622 927 2676 rem,
940 2607 1160 2668 abstractione
1170 2604 1244 2665 iacta

243 2685 489 2746 existentievel
516 2700 582 2745 non
608 2686 798 2748 existentiae.
830 2685 1068 2763 Opponuntur,
1092 2690 1245 2763 quatenus

243 2767 442 2826 ensinactu
465 2764 602 2826 includit
626 2768 843 2838 existentium,
871 2764 950 2842 dum
975 2779 1033 2826 ens
1059 2766 1244 2841 inpotentia

242 2844 328 2905 banc
342 2844 497 2914 excludit,
515 2849 548 2906 el
563 2847 614 2905 est
637 2845 797 2906 duntaxat
819 2847 854 2908 in
882 2845 997 2906 ordine
1013 2844 1205 2922 intelligibili
1219 2849 1244 2904 et

241 2923 480 3001 metaphysioo.
497 2925 562 2986 uns
587 2925 746 2999 existens,
771 2928 809 2985 ut
831 2940 891 3001 per
913 2940 949 2986 se
974 2929 1082 3002 patet,
1095 2930 1146 2986 est
1159 2926 1189 2984 in
1203 2942 1244 2984 or-

243 3003 320 3065 dine
336 3003 472 3082 physioo
489 3007 522 3064 et
536 3003 570 3064 in
584 3004 699 3067 ordine
714 3003 956 3082 metaphysioo;
983 3004 1153 3066 actualitas
1168 3007 1243 3066 enim

240 3085 431 3144 necessario
456 3084 613 3144 subaudit
638 3084 903 3158 possibilitatem.
943 3085 978 3145 ln
1003 3083 1135 3146 duobus
1159 3100 1242 3161 para-

241 3163 377 3241 graphis
398 3163 563 3303 ldistinctis
587 3179 726 3243 agemus
742 3164 859 3227 dehac
874 3163 1075 3246 primordiali
1097 3163 1243 3228 divisione

242 3243 327 3306 ends
342 3257 398 3303 rea
411 3245 449 3304 is.
1101 3251 1103 3254 ·

530 3369 548 3431 s
567 3367 588 3420 Ι.
607 3367 648 3421 De
668 3365 834 3423 existentiae
853 3365 984 3423 notione.

282 3479 354 3540 286.
371 3513 409 3524 -
423 3479 606 3542 Existentiae
621 3481 712 3542 notio
729 3485 780 3542 est
793 3481 878 3542 adeo
889 3481 1027 3558 simplex
1042 3485 1075 3541 et
1092 3481 1190 3550 clara,
1210 3485 1240 3540 ut

243 3556 371 3619 definiri
389 3559 485 3621 simul
499 3564 646 3637 nequeat
661 3565 775 3628 elnon
791 3561 926 3637 debeat;
944 3560 1077 3639 quando
1090 3562 1187 3639 igitur
1197 3575 1239 3620 se-

244 3638 421 3716 quentibus
455 3638 563 3700 modis
597 3638 802 3714 describitur,
838 3641 906 3704 istae
941 3639 1146 3702 definitiones
1173 3639 1239 3716 nibil
