2650 4242
539 452 933 499 unrApflYsmA
974 455 1141 510 πη,
1184 454 1293 502 sno
1339 456 1700 503 onroLoch.
2029 443 2141 503 lssli

186 569 539 632 Probatur.
564 569 1063 633 Possibilitatem
1086 569 1600 634 determinamus
1622 589 1703 634 ex
1713 573 2137 638 sociabilitate

107 645 439 723 idearum,
488 656 555 712 et
594 651 1181 728 impossibilitatem
1245 667 1327 714 ex
1390 667 1617 714 earum
1673 658 2129 730 repaqnantia.

106 729 307 806 Atqui
349 730 521 792 ideae
569 736 941 811 congruunt
982 731 1087 793 vel
1152 729 1529 809 discrepant
1591 733 1744 810 quia
1805 733 2129 801 entitatem

110 823 295 885 quas*
325 815 818 887 repraesentant,
865 814 1021 872 sunt
1066 809 1136 872 id
1181 810 1361 889 quod
1407 816 1581 885 sunt,
1630 816 1696 873 et
1738 814 2137 876 conveniunt

110 896 220 949 aut
246 905 327 950 se
359 890 739 952 excludunt.
769 891 938 969 Ergo
970 891 1299 965 entitatos,
1322 897 1651 969 quatenus
1681 896 1835 953 sunt
1855 891 1927 960 id
1956 894 2133 972 quod

111 972 263 1030 sunt
309 984 434 1031 seu
463 971 782 1044 essentiae,
831 976 983 1032 sunt
1022 968 1169 1032 fons
1197 971 1671 1049 possibilitatis

110 1074 248 1136 299.
301 1107 382 1122 -
406 1077 620 1138 Tussis
662 1076 791 1137 VII.
846 1077 1061 1137 Omnis
1083 1076 1496 1153 possibilium
1541 1075 2035 1154 intelliyibilitas
2093 1098 2133 1138 a

188 1155 417 1216 divina
470 1157 738 1217 essentia
790 1157 1118 1232 dependet,
1169 1161 1482 1232 quatenus
1527 1157 1732 1218 divini
1781 1158 2133 1220 intellectus¹

189 1235 518 1312 objectam
544 1242 653 1297 est.
969 1268 973 1272 -
1996 1269 2002 1276 ·

184 1343 836 1403 Animadvertendum
886 1343 948 1403 1⁰
987 1341 1354 1403 Essentiam
1396 1340 1682 1405 divinam
1729 1358 1877 1406 esse
1915 1344 2121 1406 imita-

111 1419 308 1480 bilem
343 1420 635 1499 pluribus
687 1420 923 1497 modiS‚
972 1423 1082 1499 qui
1133 1421 1452 1484 essentias
1496 1422 1843 1501 possibiles
1888 1426 2125 1486 consti-

109 1505 322 1564 tuunt.
370 1502 539 1562 Dum
578 1501 952 1564 intellectus
1003 1500 1257 1563 divinus
1302 1502 1424 1564 hos
1469 1501 1704 1563 modos
1755 1502 2129 1566 imitationis

113 1581 478 1657 cognoscit,
513 1582 810 1643 efformet
839 1581 1232 1660 archetypas
1257 1599 1480 1644 rerum
1519 1580 1727 1643 ideas,

186 1661 347 1722 Hinc
383 1662 447 1722 2⁰
495 1685 521 1716 ι
571 1660 802 1722 Omnia
840 1661 1197 1738 possibilia,
1228 1667 1303 1724 ut
1329 1663 1420 1724 ait
1461 1662 1740 1734 LessiuS,
1794 1661 2129 1741 continen-

111 1743 215 1799 tur
254 1739 323 1801 in
369 1741 655 1802 essentia
702 1739 941 1814 divina,
987 1746 1301 1819 tanquam
1326 1744 1396 1805 in
1426 1741 1736 1816 oriyinali
1762 1743 2010 1815 radice,
2065 1746 2129 1802 et

113 1822 297 1896 quasi
351 1822 420 1882 in
464 1819 832 1896 exemplari
870 1822 1145 1882 virtuali
1187 1825 1254 1883 et
1296 1820 1613 1895 radicali,·
1665 1821 1734 1882 in
1782 1822 2125 1897 sapientia,

110 1905 424 1977 tanquam
468 1902 539 1962 in
581 1900 952 1977 exemplari
979 1900 1276 1974 formali,
1314 1901 1384 1962 in
1428 1916 1558 1979 quo
1603 1900 1799 1960 etiam
1843 1901 2121 1962 existunt

114 1979 437 2057 objectivo
480 1979 678 2041 modo
722 1978 1197 2057 perfectissimo
1242 1984 1307 2041 et
1349 1979 1779 2042 illustrissimo
1810 1977 1918 2058 (1).
1955 2004 1980 2033 ι

190 2061 319 2120 Hac
347 2059 675 2137 praemissa
707 2060 1165 2138 explicatione,
1209 2060 1526 2137 probatur
1559 2059 1777 2120 thesiS.

186 2140 486 2202 Essentia
534 2139 743 2202 divina
783 2137 1259 2218 perfectissima
1301 2144 1423 2213 est,
1471 2156 1548 2200 ac
1588 2137 1868 2217 proinde
1910 2142 2121 2202 omnis

108 2220 437 2293 possibilis
498 2221 795 2281 essentiae
839 2218 1315 2296 prefectionem
1368 2219 1839 2296 praecontinere
1896 2217 2117 2282 debet.

106 2301 301 2378 Atqui
361 2301 538 2362 Deus
613 2316 760 2362 cum
820 2301 1111 2377 seipsum
1151 2296 1448 2377 perfecte
1494 2300 1872 2377 cognoscat,
1926 2297 2122 2360 debet.

111 2394 510 2457 cognoscere
553 2395 785 2442 omnes
812 2379 1048 2441 modos
1076 2378 1445 2440 secundum
1474 2393 1641 2456 quos
1669 2377 1874 2454 ipsius
1904 2394 2121 2440 essen-

111 2458 195 2519 tia
238 2465 341 2520 est
379 2459 729 2534 imitabilis,
776 2474 897 2520 seu
946 2458 1125 2537 quod
1172 2459 1353 2521 idem
1396 2463 1519 2527 est,
1577 2460 1754 2536 ipsas
1801 2461 2117 2521 essentias

106 2554 323 2600 rerum
363 2537 715 2600 finitarum.
760 2541 930 2617 Ergo
977 2541 1037 2601 1⁰
1076 2539 1212 2599 istae
1276 2538 1602 2613 essentiae,
1652 2541 1966 2614 tanquam
2023 2542 2121 2599 sui

101 2617 615 2692 fundamentum,
660 2619 907 2680 habent
949 2617 1304 2680 essentiam
1334 2617 1638 2689 divinam,
1688 2621 1756 2678 et
1792 2619 1858 2679 2⁰
1896 2622 2117 2679 actua-

106 2698 352 2760 litatem
376 2700 665 2778 logicam
696 2703 1014 2761 aeternam
1053 2698 1121 2759 in
1165 2697 1382 2760 divino
1410 2698 1752 2758 intellectu
1779 2697 2077 2759 obtinent
2105 2722 2117 2758 :

105 2777 324 2856 itaque
365 2778 958 2855 intelliqibilitatem
1000 2793 1083 2838 ex
1126 2777 1340 2840 divina
1383 2777 1690 2850 essentia,
1723 2780 1919 2854 prout
1945 2778 2015 2838 in
2042 2793 2117 2839 se

110 2862 207 2918 est
235 2863 304 2919 et
325 2859 691 2922 intellectui
732 2857 949 2920 divino
979 2857 1305 2936 objicitur,
1352 2857 1700 2934 accipiunt.

183 2939 333 3000 Haec
374 2939 594 3000 omnia
632 2938 702 3000 in
740 2938 1095 3017 Theologia
1134 2934 1344 2998 fusius
1389 2939 1771 2999 tractantur.

924 3150 1176 3214 CAPUT
1216 3150 1291 3212 11.

324 3327 404 3372 DE
434 3320 885 3369 AFFEGTIONIBUS
917 3318 1293 3367 COMMUNIBUS
1320 3317 1490 3365 ENTIS
1519 3317 1583 3362 IN
1613 3313 1896 3362 COMMUNI-

170 3469 310 3532 300.
367 3500 437 3510 -
477 3467 607 3527 Ens
636 3460 1033 3542 quibusdam
1060 3458 1570 3538 proprietatibus
1595 3454 1847 3528 fruitur,
1880 3469 2022 3532 quae
2047 3452 2117 3514 in

101 3548 261 3610 duos
293 3546 560 3610 ordines
604 3543 904 3606 distribui
946 3542 1180 3616 solent,
1213 3539 1464 3602 scilicet
1495 3540 1554 3601 1⁰
1580 3536 1649 3598 in
1675 3536 2113 3614 proprietates

96 3627 538 3705 incompleoeas
618 3627 687 3686 et
770 3622 1113 3699 simplices,
1189 3620 1386 3680 unico
1465 3617 1716 3678 scilicet
1791 3613 2113 3677 vocabulo

100 3721 444 3789 expressas
486 3704 670 3783 atqui
713 3703 891 3766 omni
931 3715 1199 3779 prorsus
1229 3699 1366 3760 enti
1393 3695 1664 3777 singulae
1707 3695 2107 3758 convenient*

150 3861 219 3927 (1)
242 3859 321 3912 De
347 3852 751 3910 Persem-ionibus
773 3850 1099 3916 Mol-ibasque
1124 3842 1332 3909 divinis,
1361 3843 1458 3902 hb.
1494 3845 1563 3910 V,
1590 3857 1707 3910 cap.
1739 3856 1799 3907 n,
1829 3847 1859 3902 s
1886 3839 1970 3893 10.

2586 167 2605 346 ,ῌὲιμῌ
2576 108 2585 117 ”
2576 12 2585 23 “
