2650 4242
308 255 507 311 unrarsrsios
525 266 608 321 osu„
631 263 686 309 ssu
709 264 891 307 ourosoan.
1045 242 1100 306 201

82 378 155 452 bet,
173 376 238 439 dici
250 377 368 456 nequit
379 376 589 455 suppositum
603 381 661 439 aut
672 390 827 455 persona.
845 374 902 437 Ex.
922 374 1059 435 :Anima
1070 376 1105 449 et

86 457 287 551 corpusdici
301 473 368 518 non
383 462 523 534 possunt
536 455 855 550 supposita‚·saltem
867 457 902 517 in
913 456 1002 519 statu
1010 452 1103 514 unio·

84 537 595 679 nsfflgaionagffiffiaiffis
608 537 784 677 lffimldlddet
801 612 931 705 ,divisio
965 612 1103 692 alicujus

86 698 276 759 substantia
299 696 344 757 ita
366 702 403 758 ut
425 700 537 773 partes
560 696 685 757 nullam
714 695 911 756 relationem
934 694 1103 755 servarent

86 777 156 840 sive
177 775 220 837 ad
243 776 396 851 invicem,
422 778 491 840 slve
511 774 554 837 ad
570 772 707 854 aliquod
726 778 842 847 totum,
864 774 1103 836 constituerent

87 854 259 935 quoddam
277 856 457 936 integrum,
477 872 599 933 nempe
623 854 805 933 supposita.
830 876 844 906 ι
865 853 1045 929 Separatio,
1065 854 1103 912 ut

86 938 134 998 ait
151 936 185 997 S.
206 936 358 1009 Thomas
381 936 438 999 dat
458 936 590 1014 utrique
610 935 753 1013 partium
773 932 967 995 totalitatem
987 956 1000 987 ι
1018 930 1051 1011 (i.
1069 946 1099 992 e.

86 1014 401 1095 suppontctttcccm).
868 1047 872 1053 ·

128 1097 222 1166 ltem‚
238 1111 299 1173 per
313 1095 568 1173 oppositionem,
585 1092 650 1155 duo
667 1093 848 1171 supposita,
864 1091 934 1153 sola
946 1091 1107 1171 conjunc-¹

86 1174 178 1236 tione
206 1174 304 1248 iacta,
335 1178 467 1236 cessant
495 1174 559 1236 duo
590 1189 663 1234 esse
692 1173 873 1249 supposita,
904 1170 965 1232 sed
998 1174 1110 1233 unum*

87 1254 293 1317 constituunt
310 1273 317 1315 :
332 1271 364 1315 v.
381 1272 415 1335 g.
432 1253 503 1315 duae
519 1255 657 1332 palacrae
670 1250 784 1315 fusiles
801 1267 871 1329 quae
889 1250 1080 1313 miscentur.

117 1374 177 1427 349.
194 1402 226 1415 -
240 1376 384 1425 Scholium.
400 1378 430 1426 ln
443 1374 565 1440 mysterio
575 1375 742 1426 sanctissimae
758 1371 953 1431 incarnationis,
967 1371 1001 1421 ad
1013 1386 1103 1435 perso·

85 1452 147 1488 nam
156 1437 264 1488 infinitae
271 1438 432 1501 perfectionis
443 1438 540 1487 accedst
551 1436 622 1485 finita
631 1436 781 1487 substantia.
792 1438 854 1485 Haec
866 1435 938 1485 finita
951 1434 1102 1495 substantia,

85 1502 136 1550 hoc
148 1500 204 1564 ipso
221 1500 291 1564 quod
304 1500 334 1549 fit
346 1503 438 1550 natura
460 1513 577 1564 personae
599 1498 718 1559 infinitae,
739 1498 895 1562 suppositum
909 1500 1022 1557 nonest,
1043 1494 1103 1561 quia

85 1576 140 1611 non
152 1563 230 1611 habet
242 1560 366 1612 rationem
388 1560 468 1611 totius
481 1562 508 1610 in
531 1577 567 1611 se.
581 1562 633 1611 Sed
645 1575 752 1624 persona
767 1558 848 1612 Verbi
861 1557 949 1617 divini,
963 1572 1020 1621 quae
1034 1558 1103 1607 nullo

85 1628 162 1687 pacto
184 1622 271 1687 pertici
292 1626 393 1693 poterat
414 1637 460 1688 per
481 1624 547 1673 hanc
568 1622 748 1682 accessionem,
772 1621 1062 1685 suampersonahtatem
1077 1619 1104 1668 in

85 1684 180 1734 unione
194 1687 242 1735 hac
254 1690 382 1744 amittere,
395 1685 510 1735 minuere
532 1685 572 1733 vel
594 1699 688 1749 augere
700 1698 752 1733 non
764 1682 846 1749 potuit
861 1696 868 1731 ι
892 1695 1021 1745 nunquam
1034 1680 1103 1731 enim

120 1751 172 1796 test
196 1746 296 1811 concipi
320 1750 348 1796 ut
368 1748 465 1797 habens
490 1746 617 1796 rationem
643 1748 686 1795 rei
708 1747 888 1811 perficiendos.
917 1744 982 1793 Hinc
996 1757 1103 1805 persona

112 1808 167 1858 erbi
193 1813 312 1858 naturam
337 1813 493 1872 assumptam
516 1808 549 1858 ad
571 1822 644 1858 suam
667 1808 771 1857 trahere
785 1806 872 1856 debuit
886 1805 1101 1869 personalitatem.

85 1870 196 1921 Peracta
207 1870 288 1935 igitur
302 1870 483 1935 assumptione,
496 1871 571 1921 unica
584 1874 624 1920 est
636 1884 755 1933 persona,
768 1868 889 1920 nimirum
907 1882 1015 1931 persona
1029 1875 1105 1916 assu·
1119 1884 1123 1889 ·

85 1931 188 1993 mentis,
202 1936 230 1982 et
240 1931 331 1982 exinde
340 1932 402 1983 unio
414 1933 471 1983 haec
484 1931 579 1982 dicitnr
591 1930 760 1997 hypostatica.
925 1990 930 1998 ,
1067 1988 1072 1998 Ι
1121 1935 1125 1943 “

102 1993 274 2066 ⁸brincipium
288 1997 358 2066 quod
370 1994 434 2058 (346)
450 1994 504 2059 agit
517 1998 556 2044 est
564 1996 620 2043 haec
629 1993 705 2063 unica
715 1992 794 2045 Verbi
803 1995 953 2061 hypostasis,
965 1992 1025 2040 dum
1034 2004 1103 2054 prin·

85 2070 178 2165 {iprum
192 2058 517 2168 qufissotronzshfinrtrtdest
532 2056 632 2167 duplex,
647 2054 743 2105 scilicet
764 2060 857 2168 natura
870 2054 956 2161 divinia
971 2056 1002 2163 gt]
1011 2056 1104 2163 ῐὶῆἓιιὲἓ

85 2132 688 2250 maffia.dumoignpancriiigswfflspuntagtgnggz
701 2130 993 2245 ggtfftoapdssddlrff’egltledna
1004 2130 1103 2225 ntriclrlrn

81 2254 276 2301 personarum,
290 2256 349 2305 qnia
363 2256 414 2291 nna
428 2244 467 2292 est
479 2245 580 2293 natura.

218 2358 250 2409 ll.
265 2357 303 2407 De
318 2355 488 2408 Distinctione
502 2356 570 2409 inter
583 2363 703 2409 naturam
717 2362 743 2407 et
753 2356 971 2423 personalitatem.

125 2458 197 2520 350.
218 2490 257 2501 —-
281 2458 435 2533 Quarunt
456 2458 646 2521 Scholastici
664 2463 776 2520 utrum
803 2455 1020 2537 personalitas
1049 2456 1102 2518 vel

85 2537 299 2600 subsistentia
325 2538 426 2613 addat
446 2542 568 2601 natura
596 2538 745 2601 existenti
769 2542 803 2599 to
825 2541 942 2601 crectis
956 2537 1101 2615 aliquam

83 2633 206 2680 novam
220 2618 423 2680 realitatem?

84 2729 125 2742 —
145 2698 247 2759 Variae
262 2700 429 2759 sententia
444 2695 487 2778 (a)
500 2698 585 2760 circa
605 2698 692 2758 hanc
714 2698 922 2775 questionem
939 2716 947 2756 ε

127 2779 158 2838 l⁰
179 2777 284 2837 Prima
306 2778 429 2854 opini0,
447 2794 546 2855 quam
569 2780 786 2840 communiter
799 2780 915 2839 tenent
928 2776 1102 2838 Thouristae

85 2873 163 2918 oum
183 2856 381 2934 quibusdam
406 2857 552 2919 Scotistis
581 2854 622 2936 tl)
644 2856 783 2918 affirmat
804 2856 1049 2919 subsistentiam
1068 2857 1102 2916 in

83 2935 603 3015 creatisdicerealiquidanatura
611 2935 906 3015 singularirealiter
914 2935 1101 2997 distinctum

85 3021 119 3078 et
138 3018 335 3094 separabile.
350 3019 383 3078 2⁰
395 3018 492 3078 Juxta
512 3017 671 3095 plurimos
684 3018 763 3078 alios
778 3016 962 3095 theologos,
979 3015 1102 3076 subsis-

83 3095 186 3176 tentia
196 3096 249 3161 vel
263 3096 479 3172 personalitas
494 3113 513 3157 a
527 3101 644 3159 natura
668 3098 826 3175 singulari
840 3113 907 3158 non
933 3093 1102 3173 distingui-

84 3178 149 3248 lnr,
171 3174 234 3238 nisi
249 3176 434 3259 secundum
450 3174 617 3239 diversum
631 3177 769 3239 modum
795 3174 1016 3254 concipiendi3
1041 3172 1102 3235 sed

116 3295 149 3356 (a)
163 3295 295 3367 Haeretici⁸
308 3297 482 3347 omnimodam
495 3296 685 3347 distinctionem
698 3297 846 3362 rejiciebant
859 3295 926 3346 inter
940 3299 1058 3345 naturam
1078 3298 1102 3345 et

83 3356 101 3405 h
116 3407 118 3410 ,
133 3400 136 3404 .
152 3359 251 3418 anim,
261 3362 339 3407 ettam
351 3373 409 3409 cnm
424 3360 548 3423 agebatur
561 3360 593 3408 de
600 3360 689 3411 Verbo
698 3360 839 3419 incarnato,
854 3362 880 3407 et
893 3357 984 3407 exinde
993 3358 1102 3407 affirma·
1152 3408 1155 3415 ,

82 3367 151 3470 day&
159 3421 199 3469 tot
210 3433 266 3468 esse
275 3420 424 3492 hypostases
431 3427 493 3485 quot
501 3424 560 3472 sunt
573 3425 682 3471 naturae.
693 3420 759 3470 Hinc
770 3420 845 3470 unica
853 3424 945 3469 natura
954 3419 980 3467 in
990 3418 1100 3489 Christe,

82 3483 114 3529 nt
127 3480 246 3549 volebant
257 3481 419 3545 Eutychiani,
435 3488 478 3533 aut
491 3483 549 3533 dnae
562 3497 687 3546 personae,
700 3487 728 3531 ut
737 3482 1042 3532 asserebantNestoriam.
1051 3480 1100 3530 Sed

83 3540 120 3592 do
129 3542 335 3598 distinctionibus
347 3544 377 3593 in
389 3544 481 3595 divinis
493 3548 608 3595 tractant
621 3544 741 3609 theologi.

116 3635 153 3703 (ἢ
163 3604 370 3704 sitifensium,
383 3639 496 3706 Metaph.
510 3639 576 3707 disp.
587 3652 607 3691 n
615 3654 643 3704 q.
656 3638 673 3689 6
685 3654 712 3689 n.
726 3638 769 3693 84.
