2650 4242
19 18 330 148 'U'

307 274 504 320 usrirnrstct
525 274 607 327 cau..
631 272 686 317 sau
703 272 881 317 unrococn.
1045 258 1101 317 211

90 393 259 470 obiectiaa,
277 391 329 451 cui
349 388 528 466 opponitur
546 391 636 447 actas
660 389 854 458 eatc‘tatioac,
881 403 942 448 seu
963 390 1107 466 ipsamet

88 488 204 534 rerum
218 470 356 531 actualis
371 468 555 529 existentia.
586 464 651 526 Sed
680 482 699 526 a
726 468 820 540 nobis
851 482 941 527 nunc
968 470 1108 530 sumitur

90 552 265 630 speciatim
293 564 352 625 pro
381 547 529 625 potentia
556 546 733 620 subjectiva
760 563 821 606 seu
843 549 1108 627 caritativeque

93 637 146 694 est
160 631 209 690 rei
225 629 393 689 existentis
409 627 573 705 capacitas
588 624 630 685 ad
645 625 766 703 aliquid
783 625 1039 702 producendum
1053 629 1108 690 vel

93 708 339 786 recipiendum3
356 707 433 768 huic
448 708 626 783 opponitur
638 711 731 765 actas
745 722 810 782 quo
838 706 962 784 aliquid
991 708 1111 769 dicitur

97 789 188 852 aliud
215 788 400 865 producere
428 786 483 845 vel
508 784 671 860 recipere.
701 785 767 845 lloc
794 789 970 860 posteriori
1008 786 1109 848 modo

97 875 236 944 accepta
251 868 398 942 potentia
411 863 502 923 idem
516 862 678 943 significat
693 863 783 941 quod
797 881 902 943 agens
918 871 952 926 et
967 868 1108 942 patiens.

140 950 212 1010 364.
228 980 266 989 -—
279 944 427 1006 Potentia
443 942 796 1023 subjectivadividitur
810 945 851 1005 ab
874 947 1050 1007 Aristotele
1078 949 1112 1009 in
1149 965 1153 977 ¹

101 1030 242 1091 activam
256 1031 290 1085 et
303 1027 478 1102 passivam.
1010 1026 1012 1029 ’

140 1107 293 1167 Potentia
308 1106 412 1165 activa
428 1107 479 1163 cst
492 1102 689 1178 principium
703 1103 892 1164 mutationis
907 1105 940 1164 in
952 1104 1028 1176 alio,
1041 1121 1112 1177 seu,

100 1193 139 1249 nt
152 1191 198 1248 ait
224 1183 426 1254 Aristoteles,
459 1184 662 1257 pricipium
695 1184 939 1243 transmutandi
971 1186 1065 1245 aliud
1083 1188 1116 1245 ia

101 1264 378 1345 pacatamatiacl,
408 1260 498 1322 unde
525 1264 699 1321 revocatur
720 1261 762 1321 ad
782 1277 890 1339 genus
915 1279 1019 1325 causae
1045 1263 1115 1325 cffi-

105 1344 232 1415 cientis
248 1344 290 1404 de
306 1358 371 1419 qua
385 1344 513 1417 postea.

145 1424 293 1485 Potentia
302 1424 434 1497 possitne
450 1423 500 1480 est
513 1417 711 1494 principium
725 1419 891 1495 recipiens
901 1422 1120 1483 mutationem

105 1506 148 1567 ab
165 1503 240 1572 alio,
256 1518 327 1572 seu,
344 1505 381 1561 ut
396 1502 440 1559 ait
453 1497 543 1559 idem
561 1497 765 1570 Aristoteles
787 1501 990 1574 principiam
1015 1506 1120 1563 traaa-

105 1584 256 1646 metandi
269 1583 309 1641 aa
323 1580 402 1651 alio,
420 1583 452 1639 ct
471 1582 646 1639 revocatur
674 1576 717 1637 ad
745 1593 852 1657 genus
882 1595 986 1640 causae
1014 1586 1119 1641 mate-

107 1663 209 1725 rialis.

152 1741 300 1802 Potentia
315 1736 420 1797 activa
434 1740 485 1803 est
499 1735 553 1795 vel
564 1752 646 1813 pure
662 1737 778 1807 activa,
795 1737 849 1797 vel
863 1737 960 1797 simul
974 1737 1078 1800 activa
1094 1743 1127 1800 et

112 1823 253 1901 passiva.
269 1820 323 1878 Est
341 1831 427 1891 pare
451 1817 569 1888 activa,
600 1816 733 1891 quando
763 1831 859 1876 suum
889 1817 975 1877 elicit
1003 1824 1125 1894 actum,

113 1900 279 1963 sedilium
294 1897 482 1956 nullatenus
497 1895 613 1969 recipit
630 1915 637 1954 :
654 1912 684 1955 v.
706 1912 738 1974 g.
769 1893 908 1956 facultas
932 1897 1130 1959 locomctiva

113 1984 149 2043 in
164 1973 304 2039 animali.
335 1977 391 2035 Est
419 1979 525 2035 actrca
552 1974 651 2034 siccat
675 1980 704 2034 ct
728 1978 871 2049 passiva,
893 1976 1026 2052 quando
1044 1978 1132 2041 elicit

115 2075 214 2124 suum
228 2061 339 2117 actum
354 2059 385 2114 el
400 2053 492 2114 illum
506 2054 624 2129 recipit
642 2073 649 2112 z
664 2069 696 2113 v.
713 2070 746 2132 g.
763 2056 914 2116 voluntas
929 2056 1085 2119 humana.

157 2141 256 2198 Prout
271 2134 497 2195 consideratur
510 2138 547 2193 ut
564 2134 729 2208 capacitas
745 2133 964 2209 producendi,
991 2137 1135 2199 habetur

115 2223 154 2281 ut
168 2217 299 2293 species
315 2212 490 2290 qualitatis,
508 2218 542 2272 et
552 2216 629 2271 tunc
645 2212 772 2273 definiri
788 2219 898 2289 potest
914 2233 921 2274 :
936 2218 1136 2291 Praeceptum

114 2298 310 2377 proca-iatam
331 2293 472 2367 altrejaca
487 2293 695 2367 operationis,
722 2294 767 2353 ad
789 2308 925 2369 caraque
942 2300 1137 2359 actarasaa

119 2378 309 2441 ordinatam
323 2377 351 2431 ct
365 2374 558 2431 institutam.

161 2454 358 2529 Eapiicatar
370 2451 512 2524 definitio
527 2472 537 2509 .·
554 2452 583 2509 l⁰
593 2450 719 2509 Dicitur
729 2449 925 2525 principium
932 2452 1138 2527 prociarum,

108 2535 166 2598 ad
182 2531 427 2595 distinctionem
441 2530 544 2605 ipsius
559 2529 760 2601 substantiae,
784 2545 855 2605 quae
879 2536 929 2591 est
943 2533 1140 2609 principium

145 2613 315 2688 rincipale.

123 2635 357 2765 panacajas
386 2686 622 2762 operationis:
649 2687 855 2763 operationis
889 2692 1024 2751 nomine
1052 2691 1144 2752 venit

126 2778 221 2836 actus
236 2788 254 2830 a
269 2767 417 2845 potentia
433 2766 615 2839 dimanans,
652 2769 723 2828 sive
747 2766 815 2827 haec
842 2769 927 2828 actio
953 2774 1096 2830 transeat
1110 2771 1145 2830 in

127 2855 268 2915 alterurn
283 2847 482 2925 subjectum,
497 2850 534 2905 ut
547 2849 730 2921 percussi0,·
760 2846 829 2905 sive
856 2855 990 2910 maneat
1016 2849 1050 2911 in
1073 2850 1145 2928 ipsa

73 2949 75 2955 ’
128 2924 523 3011 potentia‚utcogitati0.
894 2980 904 2991 ,

169 3013 200 3072 3⁰
214 3010 339 3069 Natura
353 3022 415 3065 saa
429 3004 610 3063 iactitatcaa
622 3001 665 3063 ad
694 3004 934 3079 operationem,
964 3023 1062 3068 secus
1079 3024 1147 3070 non

36 3129 38 3166 p
130 3087 264 3169 proprie
280 3085 503 3161 appellaretur
516 3083 677 3159 potentia.

37 3187 38 3198 ¹
122 3176 126 3183 ·
171 3169 243 3231 365.
259 3198 298 3209 -
314 3165 421 3238 Quum
435 3163 584 3239 potentia
599 3159 642 3221 ad
657 3166 768 3223 actum
782 3160 965 3236 ordinetur,
991 3164 1147 3227 manifes-

132 3254 203 3310 tum
218 3250 270 3307 est
283 3242 504 3320 potentiarum
520 3239 723 3303 differentias
744 3241 785 3301 ab
811 3245 945 3301 actuum
961 3241 1150 3306 diversitate

132 3327 273 3391 desumi.
291 3322 356 3383 Sed
385 3321 557 3382 diversitas
584 3325 720 3381 actuum
748 3336 790 3380 ex
819 3319 1006 3384 diversitate
1035 3324 1150 3404 objec-

135 3415 244 3470 torum
259 3399 486 3478 proficiscitur.
502 3425 514 3452 ‹
529 3398 705 3477 Objectum
717 3402 839 3472 autem,
851 3404 888 3460 ut
899 3402 943 3461 ait
954 3402 985 3463 S.
997 3404 1151 3479 Thomas

135 3486 346 3563 comparatur
392 3479 435 3541 ad
470 3483 582 3539 actum
628 3478 787 3555 potentia
823 3480 959 3554 passiva
996 3485 1081 3544 sicut
1119 3487 1154 3543 et

135 3562 333 3645 principium
349 3563 383 3620 et
406 3574 506 3622 causa
533 3572 708 3619 movens...
737 3556 788 3618 Ad
815 3562 926 3619 actum
952 3564 1064 3622 autem
1091 3578 1152 3639 po-

137 3645 247 3709 tentia
281 3642 392 3701 activa
427 3640 636 3715 comparatur
670 3635 839 3715 objectum
871 3642 909 3699 ut
943 3642 1102 3703 terminus
1122 3643 1156 3702 et

1207 3720 1310 3803 *m
