2650 4242
479 291 884 345 METAPHYSOEA'
914 301 1078 357 om„
1121 299 1231 345 SEU
1273 281 1634 347 on'rotoeiA.
1948 285 2055 346 191

44 415 358 478 removeri
384 416 618 493 nequit
638 417 761 478 nisi
782 425 912 494 per
924 417 1314 477 contrariam
1343 417 1692 479 actionem.
1716 419 1884 497 Ergo
1910 435 2061 480 cum

45 497 194 559 actio
223 511 360 557 non
388 497 516 559 nisi
543 496 623 558 ab
658 501 835 570 ente,
870 495 1048 573 quod
1078 497 1478 559 convertitur
1506 513 1657 559 cum
1685 499 1885 570 hono,
1917 496 2062 559 fieri

43 580 305 718 {³133}ng
304 577 554 718 {nalum
582 576 821 638 abono
857 575 1168 640 duntaxat
1194 581 1505 655 tanquam
1534 593 1573 638 a
1605 594 1826 654 causa,
1859 577 2056 657 origi-

46 783 170 843 327.
200 793 276 823 ‘—
304 781 522 842 ΤΗΕειε
555 780 654 841 ΠΙ.
687 782 958 854 Bonum,
989 795 1118 840 uon
1152 796 1281 859 per
1324 797 1412 855 se,
1461 784 1575 844 sed
1597 797 1725 859 per
1772 783 2066 844 accidens

116 865 199 922 est
227 875 432 922 causa
458 861 641 921 mali.

113 979 297 1038 Nota.
330 979 459 1036 Per
484 993 549 1037 se
574 974 717 1042 fieri
748 975 982 1036 dicitur
1008 973 1186 1052 quod
1219 991 1301 1036 ex
1327 975 1564 1038 virtute
1598 980 1664 1036 et
1689 975 2055 1038 intentione

44 1054 293 1135 agentis
336 1054 441 1128 fit3
485 1071 609 1130 per
656 1057 966 1126 acciden&
1012 1054 1191 1132 quod
1235 1055 1343 1117 vel
1392 1070 1525 1116 non
1568 1052 1640 1115 fit
1690 1071 1773 1116 ex
1819 1058 2054 1118 virtute

45 1137 312 1216 agentiS‚
341 1137 451 1198 vel
476 1135 546 1197 fit
571 1140 802 1212 praeter
830 1134 973 1214 ejus
1000 1134 1457 1196 intentionem.

113 1217 441 1276 Probatur
472 1219 529 1278 1⁰
558 1220 661 1276 Ea:
688 1231 760 1276 eo
788 1214 962 1292 quod
1002 1229 1129 1277 uon
1170 1214 1242 1289 sit
1288 1230 1374 1276 ea:
1417 1217 1654 1276 virtute
1695 1216 1964 1292 afferetis,
1998 1223 2056 1276 et

41 1296 147 1356 hoc
174 1296 425 1370 duplici
445 1297 715 1356 ratione.

116 1378 173 1437 1⁰
199 1373 561 1436 Efficientia
590 1389 796 1434 causae
824 1371 1129 1450 producit
1155 1372 1401 1450 aliquid
1432 1371 1611 1451 quod
1641 1379 1739 1436 est
1768 1391 1910 1436 ens.

110 1457 306 1533 Atqui
353 1470 551 1516 omne
583 1454 717 1515 'ens
765 1457 862 1514 est
909 1453 1180 1515 bonum.
1221 1453 1391 1530 Ergo
1438 1454 1706 1527 malum,
1741 1454 1921 1532 quod
1952 1459 2054 1516 est

43 1534 331 1611 quaedam
358 1534 655 1610 privatio,
686 1548 808 1594 seu
833 1548 967 1593 non
998 1536 1099 1594 est
1128 1532 1400 1610 aliquid,
1430 1549 1565 1594 non
1592 1537 1772 1596 venit
1803 1551 1883 1596 ex
1913 1536 2051 1610 effi-

39 1616 268 1674 cientia
301 1631 532 1689 causae‚
566 1611 687 1674 sed
717 1629 798 1674 ex
828 1613 1350 1692 ejusdebititate,
1385 1628 1461 1673 ac
1489 1612 1768 1690 proinde
1812 1614 1886 1676 fit
1930 1631 2063 1692 per·

40 1696 347 1757 accidens,
1510 1719 1516 1724 ·

110 1775 174 1834 2⁰
200 1775 440 1836 Malum
470 1770 746 1834 efficitur
771 1772 879 1853 vei
903 1772 972 1831 in
998 1772 1142 1850 ipsa
1170 1773 1424 1834 actione
1457 1787 1663 1834 causae
1681 1773 1788 1835 vel
1807 1775 1874 1834 in
1904 1773 2056 1852 ejus

38 1853 298 1915 effectu.
328 1855 525 1917 Porro
556 1849 853 1912 defectus
884 1853 950 1912 in
977 1853 1224 1912 actione
1249 1867 1384 1912 non
1429 1853 1728 1928 provenit
1775 1870 1857 1914 ex
1905 1852 2051 1914 effi-

38 1933 296 2006 cientia,
345 1950 501 1994 nam
551 1930 915 2003 efficientia,
946 1935 1021 1991 ut
1046 1930 1162 2004 sic,
1195 1930 1452 2007 aliquid
1476 1934 1713 2008 efficit:
1747 1931 2051 1994 defectus

36 2015 96 2074 in
130 2029 339 2074 causae
367 2014 593 2087 effectu
639 2012 820 2073 venit
851 2010 960 2073 vel
1005 2026 1088 2071 ex
1131 2012 1615 2087 imperfectione
1642 2014 1912 2076 actionis
1938 2015 2048 2075 vel

36 2110 114 2154 ex
143 2095 555 2168 deformitate
581 2093 886 2154 materiae.
929 2091 1097 2170 Ergo
1148 2091 1395 2151 malum
1440 2107 1704 2170 semper
1748 2095 2050 2171 provenit

36 2190 144 2248 per
171 2174 480 2235 accidens.
1314 2234 1319 2237 .

105 2254 435 2314 Probatur
458 2254 524 2314 2⁰
551 2255 653 2312 Eoe
680 2265 753 2310 eo
780 2252 952 2325 quod
976 2265 1101 2309 non
1126 2250 1199 2319 sit
1227 2265 1311 2309 ea·
1337 2250 1677 2311 intentione
1697 2255 1961 2327 ayentiS.

107 2331 304 2406 Quod
348 2331 652 2409 provenit
693 2333 927 2405 praeter
974 2327 1410 2389 intentionem
1461 2332 1716 2409 agentis
1767 2347 1902 2393 non
1942 2336 2044 2393 est

36 2412 307 2473 effectus
356 2415 478 2490 per
523 2427 620 2486 se,
654 2409 776 2471 sed
822 2425 943 2486 per
981 2406 1310 2469 accidens,
1348 2409 1544 2486 Atqui
1593 2408 1892 2472 defectus
1930 2417 2044 2474 aut

36 2493 303 2566 privatio
345 2506 480 2552 non
518 2496 734 2569 potest
772 2494 938 2550 esse
961 2487 1030 2549 id
1069 2488 1247 2565 quod
1283 2489 1568 2550 intendit
1607 2506 1836 2569 agens,
1868 2491 2037 2570 Ergo

36 2573 275 2633 malum
301 2570 373 2633 fit
398 2588 519 2650 per
545 2567 872 2631 accidens.
934 2595 936 2600 Δ

102 2653 245 2714 328.
278 2685 354 2695 —
384 2651 738 2712 scholium.
771 2650 913 2710 Haec
942 2651 1329 2726 argumenta
1358 2649 1490 2710 vim
1520 2649 1716 2709 etiam
1743 2649 2040 2711 obtinent

36 2733 295 2809 quando
324 2734 538 2810 agitur
566 2728 649 2791 de
683 2728 893 2790 causis
918 2727 1163 2788 liberis,
1199 2730 1257 2787 1Ο
1286 2727 1500 2801 Quum
1531 2729 1704 2790 enim
1737 2745 1931 2790 causa
1956 2729 2035 2788 li-

36 2814 191 2873 oera
216 2813 350 2890 legi
378 2825 634 2872 morum
662 2823 735 2868 se
766 2807 1094 2885 subjicere
1126 2806 1468 2875 detrectat,
1503 2812 1571 2869 et
1591 2809 1910 2870 actionem
1938 2809 2037 2868 in-

36 2899 370 2955 ionestam
394 2889 570 2964 facit,
605 2894 759 2949 tunc
790 2903 987 2950 causa
1016 2883 1308 2947 efficiens
1355 2886 1550 2964 hujus
1589 2889 1886 2960 actioniS‚
1918 2904 2039 2949 seu

36 2974 351 3046 minutae,
382 2987 518 3031 non
548 2970 683 3047 agit
712 2972 1029 3047 quantum
1057 2970 1279 3043 potest
1307 2971 1374 3028 et
1401 2966 1624 3042 debet,
1657 2983 1733 3028 ac
1761 2968 2039 3045 proinde

37 3070 86 3113 n
117 3054 378 3115 actione
406 3050 634 3126 deficit.
669 3050 863 3110 Porro
896 3043 1180 3109 deficere
1207 3062 1246 3107 a
1274 3062 1395 3108 suo
1426 3050 1577 3107 actu
1598 3048 1873 3108 normali
1891 3062 2039 3109 con-

36 3134 214 3212 ingit
233 3147 359 3209 per
386 3131 695 3192 accidens,
724 3130 971 3206 Ergo...
1868 3164 1871 3169 -

94 3217 165 3276 20
192 3213 509 3274 Praeterea
538 3225 734 3271 causa
759 3209 986 3281 libera,
1020 3204 1179 3266 dum
1210 3206 1534 3267 actionem
1571 3222 1834 3283 pravam
1883 3223 2036 3284 per-

36 3299 282 3356 ›etrare
307 3292 469 3366 vult,
501 3289 750 3352 directe
778 3302 915 3350 non
938 3283 1221 3346 intendit
1247 3285 1458 3362 ipsam
1487 3287 2041 3348 deordinationem

36 3374 315 3445 lotionis,
348 3386 472 3432 seu
498 3370 933 3445 deficientiam
954 3381 993 3426 a
1016 3366 1203 3442 lege3
1236 3363 1371 3425 haec
1403 3363 1773 3426 deficientia
1815 3381 1936 3444 per
1962 3383 2038 3428 se
2074 3434 2077 3437 ,

36 3454 243 3532 ιρρειί
288 3449 543 3530 nequit.
574 3449 743 3527 Ergo
794 3459 1003 3526 agens
1045 3445 1327 3507 liberum
1377 3446 1615 3506 directe
1642 3445 1780 3506 vult
1825 3447 2042 3522 ipsam

36 3535 369 3602 tetdonem,
403 3546 545 3610 quae
573 3536 674 3592 est
701 3525 946 3606 aliquid
980 3541 1104 3586 seu
1132 3537 1273 3596 ene,
1307 3526 1375 3585 et
1400 3524 1709 3586 indirecte
1757 3528 2034 3597 tantum,

44 3630 138 3674 eu
163 3628 290 3686 per
313 3609 646 3678 accidens,
676 3608 815 3668 vult
842 3604 1322 3668 deformitatem
1347 3601 1518 3664 hanc
1547 3619 1689 3682 quae
1707 3605 2038 3668 actionem

37 3693 381 3755 omitatur.
409 3692 657 3769 Ergo...
743 3719 747 3725 -
