2650 4242
173 261 174 264 ’
213 263 251 324 ta
519 273 698 319 enarramus
719 269 923 314 PfltLOSOPfflAE

212 423 261 483 25.
277 421 462 560 {lutumst
485 415 682 479 Vocabulum
697 417 741 473 cst
753 411 883 488 siquam
897 410 1147 474 conventionale.
1163 427 1227 471 oon

251 518 291 564 oo
305 516 367 560 oro
382 517 410 560 c.

250 635 422 696 Probatur.
441 631 575 708 Signum
598 624 747 687 naturale
763 625 873 685 statim
895 629 928 684 et
942 640 1001 700 pro
1017 623 1226 685 omnibusne

211 713 417 776 uniformiter
426 727 498 784 rem
512 705 728 787 significatam
737 706 771 765 in
786 709 934 764 mentem
943 707 1088 764 revocat.
1106 705 1141 763 V.
1159 718 1224 781 gr„

212 795 321 857 fumus
336 798 449 872 ignem
465 791 728 868 quibuscumque
751 784 939 846 videntibus
963 798 1097 859 semper
1118 783 1225 844 mani-

210 875 324 948 festat3
341 888 485 934 marmor
499 875 555 931 aut
568 871 698 946 pictura
711 867 821 926 statim
831 868 864 924 et
875 880 935 940 pro
950 864 1101 924 omnibus
1111 879 1166 922 res
1175 878 1227 923 re-

212 957 430 1036 praesentatas
447 951 607 1028 exprimit.
625 949 723 1024 Atqui
737 944 959 1008 vocabulares
976 959 1149 1020 expressas
1157 956 1227 1004 non

214 1036 452 1105 demonstrant,
469 1030 531 1091 nisi
545 1031 584 1089 iis
604 1028 660 1105 qui
675 1028 832 1103 linguam,
857 1024 899 1085 ad
923 1039 1022 1100 quam
1045 1024 1225 1099 pertinent,

214 1118 434 1195 cognoscunt3
449 1115 544 1190 signa
568 1109 697 1170 diversa
712 1108 789 1165 sunt
803 1121 862 1181 pro
886 1103 1075 1163 diversitate
1091 1103 1221 1180 lingua-

212 1214 297 1258 rum.
314 1197 398 1272 Ergo
417 1208 485 1252 non
506 1189 710 1256 naturaliter,
725 1183 786 1246 sed
802 1201 843 1244 ex
857 1183 1026 1242 homiuum
1050 1187 1224 1249 convento.

214 1279 296 1339 tales
310 1290 408 1337 voces
423 1273 494 1332 haec
517 1274 551 1330 et
571 1285 637 1330 non
653 1267 715 1327 alia
730 1265 860 1344 objecta
874 1261 1068 1340 significant.

253 1358 344 1424 Hinc,
360 1356 437 1417 licet
450 1350 587 1411 facultas
601 1345 761 1424 loquendi
775 1347 816 1406 sit
829 1343 1022 1404 naturaliter
1035 1341 1158 1403 homini
1177 1341 1226 1400 in-

215 1439 295 1509 dita,
312 1438 390 1496 licet
405 1432 503 1493 etiam
530 1429 641 1489 intima
656 1426 721 1492 fiat,
739 1441 781 1485 ex
809 1422 1034 1491 assuetudine,
1064 1422 1227 1482 connexio

213 1521 300 1581 inter
312 1513 472 1579 vocabula
488 1513 521 1571 et
534 1508 637 1580 ideas,
651 1512 761 1567 tamen
774 1504 886 1564 relatio
897 1502 996 1574 huius
1011 1500 1063 1563 vel
1077 1501 1162 1562 illius
1171 1516 1227 1561 vo-

215 1599 322 1662 cabuli
343 1595 385 1656 ad
407 1592 483 1653 talia
496 1590 627 1668 objecta
651 1589 785 1648 nonest
808 1583 975 1645 naturalis
997 1603 1009 1632 ι
1037 1579 1226 1659 significare

125 1753 127 1757 ¹
215 1682 394 1753 conceptus
406 1688 494 1738 suos,
506 1675 543 1730 ut
554 1669 598 1729 ait
611 1669 641 1729 S.
653 1668 794 1726 Thomas
805 1662 859 1741 (1),
872 1667 923 1723 est
932 1660 1056 1722 homini
1066 1662 1227 1729 naturale,-

213 1759 273 1823 sed
289 1751 517 1818 determinatio
539 1751 710 1828 signorum
725 1749 776 1804 est
790 1743 832 1806 ad
847 1742 1004 1821 placitum
1028 1764 1055 1801 ι.

253 1896 302 1956 26.
327 1925 365 1933 -
387 1889 494 1950 THESlS
518 1883 554 1942 ll.
577 1879 740 1944 Vooubolo
753 1873 1136 1948 immediateso'pot'ficool
1151 1888 1226 1932 corc-

213 1981 318 2052 coptos
333 1969 513 2046 abjectivos,
530 1967 557 2020 cl
569 1961 804 2022 substituuntur
813 1971 878 2031 pro
890 1953 1091 2028 conceptibus
1100 1952 1226 2027 formo-

211 2058 307 2118 lt'bcts.

217 2210 220 2214 ·
250 2189 345 2251 Prob.
366 2187 394 2244 la
405 2199 495 2260 pars.
525 2172 713 2255 Significare
729 2183 797 2228 non
813 2169 864 2225 est
877 2161 967 2222 aliud
993 2177 1093 2238 quam
1113 2159 1225 2222 iacere

208 2265 374 2344 utaliquid
386 2262 615 2342 cognoscatur3
628 2267 725 2330 porro
741 2261 840 2309 voces
855 2260 916 2320 per
929 2243 1021 2319 prius
1038 2243 1226 2317 exprimunt

209 2352 390 2424 conceptus
427 2345 574 2403 internos
602 2339 635 2395 et
673 2325 868 2391 secundario
892 2339 946 2382 res
975 2322 1138 2398 cognitam
1164 2337 1225 2381 vo-

211 2448 266 2495 ces
281 2429 369 2490 enim
392 2422 552 2502 praestant
580 2410 750 2497 audienti..
770 2402 861 2484 quod
892 2407 1074 2477 conceptus
1103 2401 1225 2464 interni

209 2512 368 2590 praestant
383 2499 541 2581 loquenti.
562 2493 661 2571 Atqui
684 2486 852 2550 notrficare
878 2489 1070 2556 conceptus,
1088 2487 1124 2541 ut
1148 2487 1226 2541 sunt

209 2587 438 2652 similitudines
453 2595 565 2642 rerum
581 2573 798 2652 cognitarum,
816 2569 866 2625 est
880 2560 1066 2641 significare
1082 2577 1224 2637 concep·

208 2678 261 2735 tus
277 2665 468 2747 obJ'ectiros.
484 2662 581 2736 Erga.
605 2651 669 2733 (16)
763 2727 769 2740 ι
909 2723 951 2734 ..
1036 2719 1041 2732 .

249 2752 344 2812 Prob.
362 2749 394 2807 2ὓ
417 2758 509 2820 pors.
540 2739 684 2816 Egemus
699 2725 837 2787 vocibus
852 2725 885 2782 et
906 2721 970 2782 rllrs
997 2727 1129 2794 utimur,
1147 2720 1224 2797 quia
1283 2751 1286 2754 -

209 2833 387 2906 conceptus
401 2840 462 2902 per
476 2834 559 2899 quos
574 2811 782 2876 notificamus
802 2801 897 2894 nohis
912 2816 966 2892 res
980 2799 1138 2872 internas
1155 2814 1224 2860 non

208 2912 347 2989 possunt
365 2922 425 2984 per
449 2903 576 2976 seipsos
591 2910 645 2955 res
673 2890 746 2949 illas
771 2885 841 2944 ahts
864 2879 1087 2941 manifestare.
1120 2879 1224 2959 lgitur

197 3008 306 3054 uoces
321 2991 397 3050 sunt
410 2999 469 3063 pro
490 2979 560 3042 aliis
583 2973 728 3050 idipsum
753 2961 843 3042 quod
858 2978 927 3054 pro·
942 2960 1038 3022 nohis
1063 2963 1114 3020 est
1140 2975 1220 3020 con-

208 3075 335 3150 ceptus,
353 3083 413 3130 seu
427 3059 672 3124 substituuntur
686 3065 746 3126 pro
775 3040 992 3116 conceptibus
1020 3038 1224 3103 formalibus.

206 3170 209 3179 ’
246 3155 340 3214 Noto.
365 3141 506 3208 'termini
520 3138 572 3198 hic
588 3126 840 3195 considerantur
853 3122 913 3181 sub
928 3124 1086 3196 respectu
1098 3118 1219 3196 logico,
1279 3128 1282 3132 ’

205 3232 359 3295 videlicet
386 3233 549 3303 quatenus
573 3218 649 3276 sunt
677 3208 842 3270 elementa
859 3200 976 3280 Judicii
991 3204 1024 3260 et
1047 3199 1221 3271 ratiocinii,

204 3312 501 3393 ingrediunturque
527 3291 785 3376 propositionem
799 3285 833 3344 et
855 3282 921 3343 vim
945 3277 1150 3358 significandi
1165 3279 1221 3339 ha-

204 3399 297 3462 bent.
1216 3411 1219 3417 ,

236 3537 271 3600 ut
285 3534 312 3590 a·
323 3532 355 3598 aa
367 3545 396 3605 q.
413 3527 452 3584 as,
467 3526 517 3573 art.
532 3491 566 3570 r.
