2650 4242
464 265 581 308 coetera
602 265 676 308 raus
698 268 719 309 1.
1064 254 1102 315 51

87 379 149 449 tur,
161 377 256 455 Juxta
270 379 420 457 regulam
436 379 519 450 lvtm,
538 383 571 440 et
585 379 669 438 alter
682 395 742 455 pro
755 380 910 444 attributo
921 383 1104 446 conclusio-

84 456 135 516 nis
150 460 298 534 aepootis
312 460 434 520 assumi
449 457 561 531 debet,
578 459 673 536 juxta
698 459 837 536 primam
862 467 992 537 partem
1015 477 1102 540 prae·

84 537 188 598 sentis
202 540 340 616 regulae.
359 540 443 617 Ergo
457 538 645 616 subjectum
663 541 882 603 conclusionis
896 544 1026 604 nonnisi
1042 547 1106 604 ter·

83 616 174 677 mino
189 620 376 695 particulari
401 625 552 680 constare
577 617 691 691 debet,
707 634 746 679 ac
770 619 910 697 proinde
936 621 1104 685 conclusio

85 711 155 757 non
170 702 281 774 potest
296 715 370 760 esse
385 699 448 760 nisi
461 698 678 775 particularis.

124 777 205 837 Vlll⁸
222 780 348 854 Repello
369 777 467 839 docet
490 777 570 838 nihil
590 778 741 856 legitime
767 777 920 841 concludi
934 796 1035 857 posse
1063 796 1105 842 ex

85 854 216 918 duabus
240 859 419 936 praemissis
440 858 703 935 particularibus.
734 858 863 918 illenim
891 861 920 919 l⁰
948 863 976 922 si
1001 861 1105 923 ambae

84 941 163 996 sunt
175 935 390 1008 affirmantes,
406 938 516 999 nullus
542 938 650 998 existit
662 938 820 999 terminus
839 941 1044 1013 universalis,
1065 957 1104 1003 ac

81 1015 236 1156 proinlde,
250 1032 316 1159 non
332 1017 429 1080 datur
442 1018 571 1078 medius
586 1018 815 1080 universaliter
828 1025 990 1095 sumptus,
1002 1021 1102 1099 juxta

82 1111 170 1173 regu
184 1114 238 1157 am
275 1099 341 1159 V⁸¹¹¹.

121 1177 154 1238 2⁰
168 1177 201 1236 Si
214 1178 317 1239 ambae
332 1181 505 1256 negantes
522 1177 567 1237 nil
581 1175 672 1247 iude,
684 1175 780 1255 juxta
800 1177 954 1255 regulam
965 1177 1046 1239 lV·¹¹².

124 1257 156 1317 3⁰
171 1257 204 1317 Si
217 1273 286 1319 una
300 1255 441 1318 affirmat
451 1261 485 1318 et
502 1257 605 1318 altera
620 1261 733 1334 negat,
749 1255 866 1316 unicus
879 1256 976 1317 datur
991 1259 1102 1319 termi-

85 1350 149 1396 nus
165 1337 373 1408 universalis,
390 1353 511 1414 nempe
528 1336 717 1397 attributum
732 1337 965 1412 propositionis
980 1352 1105 1415 negan-

85 1415 145 1490 tis;
163 1418 255 1494 atqui
273 1417 327 1478 ille
344 1419 505 1480 terminus
526 1417 722 1477 universalis
737 1415 834 1475 simul
849 1414 971 1477 assumi
1001 1416 1103 1478 debe·

82 1501 208 1574 retpro
228 1494 339 1557 medio
370 1497 451 1574 (reg.
477 1495 552 1574 lV.)‚
578 1499 683 1573 etpro
699 1495 855 1556 attributo
885 1496 1106 1559 conclusionis

80 1576 237 1654 negantis
252 1577 333 1657 (reg.
350 1574 440 1655 Vll).
458 1577 542 1654 Ergo
553 1576 662 1636 nullus
685 1570 800 1636 confici
817 1579 929 1653 potest
943 1575 1100 1656 syllogis-

82 1671 159 1717 mus
175 1673 251 1718 cum
267 1655 395 1717 duabus
409 1655 671 1735 particularibus.

443 1806 658 1870 ARTICULUS
681 1809 732 1870 lll.
785 1891 788 1895 1

193 1971 240 2029 De
253 1967 355 2028 cartis
368 1965 486 2042 figuris
499 1973 527 2027 et
541 1965 645 2027 orodis
664 1966 930 2042 spttopz'smorum
950 1966 961 2047 (
980 1966 1003 2046 ).

124 2129 178 2190 74.
191 2160 229 2169 -
241 2125 432 2188 Scholastici
442 2125 580 2185 multum
592 2128 670 2185 sunt
683 2125 718 2185 in
733 2124 941 2202 exponendis
956 2141 1105 2206 praeeep·

82 2209 126 2270 tis
139 2207 260 2286 quihus
276 2221 328 2266 ars
351 2205 553 2284 syllogistica
568 2205 661 2281 quasi
688 2205 920 2266 mathematice
944 2207 1102 2272 describi·

85 2294 152 2350 tur.-
166 2286 328 2351 Tractatio
346 2285 387 2346 de
403 2285 464 2347 hac
479 2289 548 2347 arte
564 2299 583 2344 a
599 2284 771 2361 Galluppio
787 2291 878 2346 recte
899 2285 1037 2360 atpeora
1049 2304 1105 2348 ra·

82 2369 215 2430 tiocinii
228 2365 423 2443 appellatur.

125 2447 192 2510 Nos
216 2446 257 2507 de
270 2445 386 2526 figuris
413 2449 445 2506 et
460 2442 567 2504 modis
591 2442 736 2504 breviter
750 2441 898 2520 quidem,
922 2443 983 2505 sed
998 2461 1106 2524 quan-

83 2532 158 2589 tum
179 2526 258 2588 satis
279 2525 322 2586 ad
335 2530 426 2587 recte
441 2520 753 2604 argumentandum,
770 2523 994 2585 tractabimus.

124 2605 355 2668 Recolendum
371 2609 476 2666 estex
492 2608 589 2665 antea
606 2601 787 2663 enucleatis
802 2598 942 2663 formam
956 2604 1106 2684 syllogis-
1134 2603 1139 2609 ’

83 2687 132 2748 mi
147 2701 223 2748 esse
238 2683 448 2749 artificiosam
463 2681 714 2760 dispositionem
728 2681 876 2742 materiae
893 2683 1004 2760 quoad
1025 2682 1107 2749 infe-

83 2765 242 2829 rendum.
265 2766 362 2826 Porro
378 2763 483 2826 forma
496 2763 569 2824 haec
584 2766 696 2842 potest
710 2761 911 2823 considerari
928 2781 936 2823 :

129 2850 161 2908 1ο
177 2844 293 2921 Quoad
307 2844 479 2906 materiam
499 2847 672 2913 remotam,
690 2857 752 2902 seu
768 2840 879 2920 quoad
894 2843 983 2905 solos
999 2844 1108 2906 termi-

83 2943 163 3000 nos,
187 2931 221 2988 et
244 2929 321 2988 tunc
338 2923 577 3001 diciturltpcrc
598 2921 792 3001 syllogismi.

125 3009 161 3068 2⁰
173 3005 287 3068 Potest
306 3005 450 3082 spectari
475 3001 586 3080 quoad
614 3001 787 3062 materiam
821 3000 1017 3078 proximam,
1046 3018 1109 3065 seu

84 3084 201 3164 quoad
211 3085 468 3164 propositiones,
482 3087 516 3144 et
542 3086 620 3142 tunc
651 3081 838 3159 appellatur
861 3082 979 3142 modus
1005 3082 1105 3162 syllo-

137 3181 194 3228 1111.

82 3181 179 3308 gls75.
217 3277 256 3288 -
283 3247 330 3305 De
356 3242 483 3320 neoris.
507 3243 627 3320 Figura
650 3238 833 3318 syllogismi
858 3243 909 3299 est
936 3237 1108 3317 dispositio

83 3325 193 3387 medii
222 3323 354 3386 termini
382 3337 458 3383 cum
485 3321 642 3383 extremis
669 3322 747 3395 apta
769 3316 812 3379 ad
822 3318 1107 3384 concludendum.

82 3405 190 3466 Porro
205 3403 337 3466 medius
352 3403 512 3464 terminus
522 3404 634 3478 potest
648 3414 724 3459 cum
739 3401 905 3472 extremis,
915 3399 1013 3477 juxta
1023 3401 1109 3462 Aris·

84 3481 239 3559 totalem,
267 3483 369 3546 tribus
394 3485 521 3570 tantum
538 3480 657 3552 modis,
678 3478 775 3558 juxta
786 3477 954 3554 Galerium,
967 3485 1110 3558 quatuor

117 3651 158 3718 (a)
172 3649 246 3714 Inter
259 3664 346 3718 opusc.
359 3650 393 3702 D.
404 3613 497 3702 Tliom.
507 3647 538 3699 tr
547 3647 623 3710 ett8,
635 3659 692 3715 cap.
706 3647 731 3696 t.
