2650 4242
316 193 516 256 umaenrsms
535 172 618 258 orn,
639 199 694 246 sno
717 185 897 248 onromon.
1061 187 1117 250 183

146 314 216 376 307.
231 346 271 356 -
285 313 436 388 Querunt
450 314 638 378 scholastici
663 316 832 394 quodnam
855 319 897 378 sit
921 319 1118 397 principium
1186 305 1189 314 ¹

104 395 318 456 intrinsecum
351 394 627 469 individuationis
671 411 731 456 seu
768 395 848 476 quid
868 399 910 460 sit
930 397 964 460 id
979 416 1043 478 quo
1061 417 1115 462 res

107 475 227 551 quevis
245 475 388 534 existens
397 477 447 536 cst
460 475 645 554 singularia,
661 491 701 556 ac
714 475 852 553 proinde
868 495 932 556 quo
944 479 1117 542 individua

106 554 219 616 similis
233 559 354 616 naturae
363 557 451 617 inter
463 570 499 616 se
514 555 645 617 realiter
660 553 917 636 distinguuntur,
932 559 986 620 vel
1002 561 1114 638 etiam,

108 633 199 713 quod
214 633 331 694 eodem
353 633 477 707 recidit,
493 633 583 696 unde
597 639 747 696 sumatur
759 638 867 699 unitas
880 636 1117 701 individualis?

148 716 176 773 1·
196 714 371 774 Sententia.
386 713 524 776 tuxtaS.
539 715 697 777 Thomam
712 715 850 795 ejusque
863 719 1116 796 scholamprin-

110 793 231 870 cipium
243 793 509 858 individuationis
522 795 717 857 estmateria
730 800 858 872 cipitata
874 799 943 860 sive
954 799 1118 878 aliquibus

109 873 335 935 accidentibus
357 874 538 952 designata,
554 875 624 937 aliis
652 876 761 938 verbis
787 881 927 941 materia
953 884 1118 956 quatenus

108 957 160 1014 est
173 953 355 1031 quantitate
367 954 496 1032 aiiecta,
512 959 569 1015 aut
581 956 698 1016 saltem
711 954 940 1018 habitudinem
968 958 1054 1021 dicit
1075 957 1118 1019 ad

109 1035 327 1110 quantitatem
340 1032 394 1114 (l).
411 1035 627 1113 HincAngeli,
651 1035 788 1112 quinon
803 1041 882 1098 ¹sunt
896 1037 983 1100 entia
1014 1043 1118 1101 mate·

106 1113 211 1188 nulia,
233 1116 281 1176 tot
301 1119 378 1181 sunt
398 1115 526 1191 species
540 1119 623 1192 quot
641 1113 820 1176 individua.

147 1193 577 1271 Praecipuaratioestquod
602 1194 684 1256 illud
709 1210 782 1256 esse
808 1193 910 1256 debet
922 1195 1119 1273 principium

108 1272 373 1334 individuationis
415 1271 505 1352 quod
553 1277 603 1334 est
637 1274 832 1352 principium
884 1275 1118 1346 distinctionis;

109 1368 209 1430 porro
224 1355 361 1414 materia
375 1354 479 1430 prima
494 1359 544 1414 est
557 1354 753 1432 principium
780 1354 823 1415 ad
857 1354 1120 1432 multiplicandas

109 1449 165 1493 res
199 1434 284 1494 intra
312 1430 464 1493 eamdem
484 1435 643 1510 speciem,
658 1437 692 1494 et
707 1441 756 1496 est
767 1434 840 1511 ipsa
862 1435 1120 1513 incommunica-

111 1513 197 1573 bilis
229 1510 295 1574 Sed
306 1514 425 1574 Suarez
440 1513 721 1590 ostenditquodsi
735 1512 825 1586 idem
846 1518 897 1574 est
924 1515 1121 1592 principium

110 1592 381 1654 individuationis
397 1597 430 1653 el
453 1590 680 1668 distinctionis,
715 1591 822 1656 forma
843 1596 905 1657 erit
926 1595 1124 1672 principium

112 1671 393 1753 individuationis
417 1671 492 1749 quia
507 1677 598 1733 actus
611 1679 655 1734 est
671 1675 728 1748 qut·
736 1674 913 1750 disttapuct.

155 1754 196 1812 lt·
210 1755 384 1814 Sententia.
405 1753 502 1813 Juxta
517 1752 647 1825 suarez,
662 1751 745 1812 iilud
759 1753 958 1831 principium
970 1769 1039 1815 non
1057 1755 1125 1816 stat

112 1835 148 1891 in
161 1833 299 1892 materia
319 1831 459 1910 signata,
475 1830 536 1892 sed
548 1831 586 1892 in
594 1835 667 1909 ipsa
681 1833 831 1893 realitate
841 1849 903 1894 seu
918 1832 1053 1894 entitate
1067 1849 1123 1904 na·

113 1917 195 1972 turae
206 1911 379 1991 individue
391 1910 449 1991 (2);
465 1911 572 1973 unitas
587 1911 674 1971 enim
688 1912 855 1990 numerica
870 1917 933 1972 stat
946 1915 979 1974 in
992 1913 1126 1990 propria

111 1986 228 2052 re'rum
249 1994 395 2066 entitate,
413 1995 576 2069 quatenus
589 1991 643 2051 illa
666 1991 766 2053 hahet
792 1992 1004 2070 negationem
1035 2007 1123 2053 eom·

112 2071 392 2132 municabilitatis.
408 2071 521 2132 Ratio:
539 2069 620 2132 iilud
634 2071 830 2149 principium
843 2087 911 2133 non
925 2075 1035 2149 potest
1050 2085 1125 2132 esse

114 2151 241 2230 aliquid
256 2150 444 2215 distinctum
458 2151 498 2217 ab
512 2151 585 2228 ipsa
597 2156 715 2212 natura
733 2149 913 2224 individua,
944 2165 1041 2211 secus
1069 2165 1126 2212 na-

114 2236 191 2292 tura
205 2235 295 2292 esset
308 2230 481 2308 singularis
496 2235 530 2290 et
542 2229 722 2304 individua,
743 2235 920 2308 antequam
941 2229 1023 2291 illud
1049 2229 1126 2291 huic

114 2310 265 2372 accedat.
281 2312 374 2388 Atqui
390 2312 418 2372 si
437 2308 689 2372 fundamentum
703 2327 770 2375 non
786 2315 836 2371 est
851 2309 975 2388 aliquid
997 2309 1120 2370 extrin-

115 2406 235 2454 secum
266 2395 400 2465 naturae,
429 2389 531 2452 debet
558 2406 632 2451 esse
666 2388 789 2467 aliquid
816 2389 861 2452 illi
897 2390 1125 2458 intrinsecum,

117 2469 211 2549 quod
235 2485 310 2532 esse
345 2471 460 2547 nequit
495 2469 557 2530 nisi
593 2471 664 2545 ipsa
690 2469 822 2531 realitas
859 2473 980 2530 natura
1007 2466 1125 2532 indivi-

117 2551 202 2612 duae.
217 2549 345 2612 Etenim
371 2565 432 2625 per
446 2563 538 2611 suam
554 2549 724 2610 entitatem
751 2565 812 2609 seu
832 2549 1014 2611 realitatem
1036 2563 1119 2627 quae-

117 2631 203 2693 libet
223 2645 276 2690 res
290 2629 330 2690 ab
350 2629 453 2690 altera
480 2627 701 2708 distinguitur.
717 2629 841 2690 Tamen
870 2629 996 2690 entitati
1026 2625 1129 2689 debet

119 2709 283 2772 accedere
298 2711 430 2789 negatio
447 2707 805 2774 communicabilitatis.
819 2705 1034 2770 Confirmatur
1051 2707 1128 2786 quia

119 2790 231 2852 anima
257 2790 410 2863 humana,
426 2793 602 2866 postquam
625 2791 775 2865 separata
797 2789 848 2848 est
883 2802 901 2849 a
931 2785 1068 2870 materia
1098 2789 1131 2847 et

120 2871 317 2948 quantitate,
331 2874 444 2930 manet
459 2867 577 2929 eadem
590 2883 727 2929 numero
744 2883 814 2946 quae
837 2871 907 2929 erat
926 2871 1002 2947 ante
1030 2881 1127 2943 sepa-

117 2950 426 3027 rationemlirgo...
444 2948 505 3023 Qui
518 2947 675 3008 fusiorem
691 2945 732 3008 de
747 2947 808 3010 hac
819 2961 855 3006 re
872 2943 1129 3022 disputationem

119 3029 202 3101 vult,
224 3028 323 3090 adeat
336 3030 456 3090 Suarez
479 3030 792 3101 :Met.‚v,sect.1n‚
816 3031 892 3088 iret
912 3044 943 3086 v.
974 3025 1129 3094 Hurtado‚

117 3110 241 3184 Metap.
259 3107 343 3186 disp.
366 3127 408 3178 iv,
424 3125 451 3170 s.
467 3109 506 3179 53
525 3106 566 3169 de
587 3106 730 3178 Rhodes,
745 3107 802 3167 lib.
819 3121 849 3166 rr
877 3104 961 3184 disp.
986 3106 1017 3179 3,
1033 3120 1060 3166 S.
1090 3105 1128 3175 23

118 3194 186 3251 etc.
205 3189 261 3265 qui
281 3187 422 3250 Suarezii
437 3188 639 3250 sententiam
663 3188 885 3265 propugnant.

153 3361 189 3421 (1)
203 3360 234 3411 S.
249 3359 340 3410 Thom.
354 3357 440 3408 multis
453 3356 480 3408 in
491 3356 563 3420 locis,
574 3361 600 3407 et
608 3354 737 3423 speciatim
746 3353 774 3406 iu
787 3353 907 3420 opusculo
922 3367 928 3405 :
944 3355 976 3404 de
996 3353 1134 3418 principio

120 3422 360 3473 iaediciduutionia.

155 3493 189 3557 (2)
203 3493 306 3552 Saurea,
320 3491 479 3556 Metapleye„
489 3490 555 3555 disp.
570 3505 595 3538 v.
