2650 4242
233 115 289 175 186
526 132 705 176 εεειιιιιιυιι
725 131 926 184 runosorrnra

225 242 316 304 modi
350 243 530 386 egoquatm
558 244 669 306 locum
688 243 812 306 habere
828 248 938 321 potest
962 259 1038 306 cum
1065 238 1253 309 intellectu

229 330 351 388 creato.
393 341 491 388 roc.

267 340 433 465 Probata&
443 406 476 464 2³
484 420 577 480 pers.
595 403 665 465 Sed
674 403 728 464 hic
743 403 826 471 ordo
839 405 887 466 rei
912 419 995 466 verae
1019 401 1064 463 ad
1090 396 1251 462 intellec-

228 488 299 544 tum
314 489 461 546 creatum
473 489 523 544 εει
533 485 752 556 secundarius,
767 499 850 544 nam·
858 500 912 544 res
927 499 1009 545 verae
1023 497 1092 543 non
1119 479 1252 542 consti·

226 567 365 624 tuantur
385 579 445 641 per
458 567 648 640 respectum
662 562 706 623 ad
729 563 933 625 intellectum
962 568 1110 623 creatum
1141 554 1248 639 (311).

227 645 317 704 Vere
329 645 427 705 etiam
440 641 693 704 denominantur
702 659 764 718 per
773 646 920 706 accideris
934 659 1008 706 oum
1021 642 1106 703 ideis
1118 639 1250 702 nostris

224 723 451 800 adaquantur,
473 739 550 784 nam
560 723 732 783 veritatem
742 722 877 794 habent,
892 737 960 786 non
975 723 1049 801 quia
1064 720 1156 783 ideis
1168 735 1249 780 nos-

230 805 293 864 tris·
303 802 524 881 adaquantur,
541 803 602 864 sed
618 803 694 880 quia
704 807 781 863 sunt
794 801 979 868 conformes
993 801 1079 864 ideis
1092 801 1247 863 eternis,

268 883 390 946 313..-
406 883 627 944 corollarium
641 885 664 942 1.
680 883 743 944 Res
759 887 873 944 creatae
889 889 1121 960 comparantur
1135 879 1184 942 ad
1199 879 1248 939 in-

232 963 401 1023 teliectum
415 962 561 1023 divinum
575 967 612 1023 ut
624 968 846 1024 mensuratum
856 959 1249 1026 admensurcm.Eteuim

228 1042 416 1105 intellectus
424 1041 551 1104 divinus
563 1047 614 1103 εει
627 1040 813 1103 intellectus
827 1043 988 1120 practicus
999 1044 1055 1120 qui
1070 1057 1126 1103 res
1150 1040 1248 1116 ipsas

229 1127 358 1195 causat;
375 1123 435 1184 scd
448 1121 651 1183 mensuratio
665 1137 776 1182 rerum
792 1127 842 1182 est
855 1127 981 1185 tantum
1003 1124 1038 1184 iu
1055 1121 1120 1183 hoc
1140 1120 1246 1182 intel-

228 1203 319 1263 lectu
339 1217 358 1262 a
374 1219 438 1279 quo
453 1200 545 1262 fiunt.
562 1204 625 1264 Res
639 1201 719 1263 nihil
732 1201 822 1264 aliud
834 1208 912 1264 sunt
926 1219 1024 1282 quam
1036 1206 1179 1264 externa
1194 1215 1246 1260 re·

230 1283 436 1359 presentatio
451 1282 600 1344 idearum
615 1281 878 1361 archetyporum.
1146 1319 1149 1322 -
1318 1293 1319 1302 ¹

269 1361 360 1423 idem
388 1360 564 1423 dicendum
592 1366 642 1422 εει
677 1360 719 1421 de
753 1362 853 1423 rebus
878 1366 947 1423 arte
974 1360 1069 1426 factis
1082 1360 1247 1436 respectu

230 1440 407 1534 cujuslibet
433 1441 577 1515 artificis;
608 1445 789 1518 conceptus
818 1439 946 1504 artificis
974 1449 1024 1504 εει
1048 1455 1171 1505 norma
1191 1440 1246 1499 sui

233 1537 353 1597 opens.
655 1589 658 1591 Α
1318 1585 1319 1596 ¹

271 1600 336 1662 Sed
352 1604 403 1660 est
416 1601 478 1661 hoc
498 1599 676 1662 discrimen
697 1599 783 1661 inter
805 1616 998 1678 supremum
1022 1597 1184 1663 artificem
1210 1603 1246 1658 et

230 1678 387 1741 artificem
398 1684 558 1752 creatum,
575 1678 664 1757 quod
676 1695 854 1756 supremus
878 1678 993 1741 artifex
1016 1679 1243 1758 nunquamin
1318 1687 1319 1710 ι

227 1775 291 1819 suo
306 1765 382 1827 actu
400 1759 594 1823 efformandi
613 1775 698 1838 opus
716 1763 827 1838 potest
845 1757 988 1828 deficere
1005 1761 1046 1822 ab
1061 1760 1149 1822 ideis
1165 1759 1243 1836 qui-
1318 1781 1319 1798 r

229 1839 294 1900 bus
309 1837 483 1901 efficientia
498 1839 658 1918 dirigitur,
678 1837 756 1900 dum
774 1837 891 1901 artifex
911 1845 1040 1902 creatus
1059 1837 1241 1918 aliquando
1318 1875 1319 1944 p

229 1920 348 1981 virtute
364 1923 453 1980 caret
467 1918 661 1998 adaquandi
676 1935 773 1981 suurn
788 1936 872 1998 opus
884 1921 1056 1999 conceptui
1071 1935 1134 1982 seu
1145 1923 1239 1998 typo.
1318 1975 1319 2000 χ

271 2000 340 2060 314.
356 2032 395 2042 -
412 1999 633 2060 corollarium
655 2000 692 2060 11.
717 2001 780 2060 Res
806 2001 974 2062 naturales
1005 2002 1243 2078 comparantur

230 2075 273 2139 ad
300 2078 506 2139 intellectum
533 2083 679 2139 creatum
707 2083 745 2140 ut
771 2096 919 2142 namura
946 2078 988 2142 ad
1003 2084 1241 2141 mensuratum.

230 2158 419 2220 intellectus
434 2161 522 2220 enim
537 2163 666 2219 creatus
683 2160 733 2219 est
747 2174 837 2220 mere
850 2161 1062 2236 speculativos
1082 2160 1243 2236 respectu

229 2253 341 2299 rerum
353 2239 561 2306 naturalium,
578 2254 616 2299 ac
634 2237 773 2315 proinde
797 2242 935 2300 eatenus
959 2245 1009 2301 est
1027 2255 1138 2311 verus,
1157 2253 1241 2316 qua·

232 2323 328 2379 tenus
344 2335 399 2379 eas
415 2319 585 2398 cognoscit
597 2321 635 2378 ut
649 2321 726 2380 sunt
738 2319 773 2379 in
787 2333 840 2393 se;
865 2335 919 2380 res
942 2319 1001 2382 illae
1020 2319 1120 2399 igitur
1143 2333 1239 2379 men·

231 2397 676 2478 suranthuncinteliectum.
962 2421 963 2426 ¹

270 2479 340 2540 315.
357 2510 396 2521 -
411 2478 518 2539 scoot.
535 2477 689 2552 Quarunt
709 2475 899 2547 Scholastici
924 2477 1091 2556 quomodo
1116 2479 1240 2540 veritas

231 2556 527 2619 transcendeutalis
550 2573 586 2619 se
610 2557 732 2619 habeat
757 2555 799 2617 ad
824 2573 895 2629 ens,
922 2558 1016 2636 cujus
1042 2561 1093 2620 est
1108 2557 1240 2620 affectio

230 2641 288 2698 aui
302 2637 486 2714 proprietas
500 2635 592 2718 (300).
612 2637 723 2698 Verior
744 2637 841 2698 simul
868 2639 902 2698 et
923 2639 1051 2716 planior
1074 2636 1242 2699 sententia

231 2733 272 2776 ea
291 2723 342 2778 est
369 2733 440 2794 quae
468 2716 567 2779 docet
592 2719 767 2778 veritatem
795 2715 920 2779 addere
949 2720 1016 2781 enti
1042 2718 1242 2781 relationem

231 2793 467 2857 conformitatis
495 2793 538 2857 ad
565 2795 781 2859 intellectum.
812 2797 913 2876 liujus
946 2797 1116 2865 sententie¹
1156 2797 1241 2858 ratio

229 2876 308 2936 satis
328 2874 503 2938 efflorescit
518 2891 559 2936 ex
575 2875 649 2938 data
663 2875 867 2947 definitione,
896 2891 937 2937 ex
961 2894 1027 2958 qua
1043 2877 1174 2938 constat
1200 2876 1240 2938 i1-

232 2956 300 3015 lam
314 2957 487 3017 veritatem
510 2956 719 3033 reciprocari,
742 2961 779 3018 ui
804 2957 907 3029 aiunt,
924 2971 999 3017 curn
1017 2961 1105 3019 ente.
1121 2958 1242 3018 Verum

228 3035 495 3194 igitur(3a(1)13)ente
520 3033 630 3096 differt
652 3052 714 3114 per
737 3035 841 3098 solam
863 3037 984 3098 mentis
1002 3035 1239 3099 consideratio·

229 3129 308 3176 nem
409 3162 417 3176 .
720 3140 722 3143 v
1072 3147 1082 3165 a

599 3222 663 3286 511.
682 3220 721 3277 De
734 3219 878 3276 falsitate
914 3199 916 3204 ⁸

269 3339 340 3403 316.
356 3375 394 3384 -
409 3341 489 3403 Cum
504 3343 624 3405 veritas
639 3345 681 3405 sit
705 3343 885 3422 adaequatio
908 3345 957 3406 rei
981 3347 1015 3406 et
1038 3344 1236 3417 intellectus

227 3419 363 3493 falsitas
381 3438 451 3500 quae
465 3420 592 3484 veritati
607 3422 795 3502 opponitur,
813 3423 957 3487 describi
973 3424 1098 3488 debet:
1121 3425 1237 3500 diffor—
1318 3419 1319 3470 i

230 3502 631 3576 mdosrcicbfntellectu.
1318 3511 1319 3562 i
