2650 4242
197 302 202 311 .
229 252 289 315 aab
531 275 716 320 anavmmun
736 272 939 318 vairosonmm

264 388 385 441 Tussis
402 388 436 440 ln
451 388 550 454 utiquc
567 392 675 441 notura
689 390 860 457 subsistente,
872 402 993 454 persono
1009 393 1034 441 ct
1048 395 1155 443 natura
1320 439 1321 453 ,

229 472 286 510 non
300 472 329 509 rc
348 457 393 509 sed
413 459 522 510 ratione
541 460 685 525 differunt.
707 460 780 512 Nam
794 460 902 513 natura
917 458 1077 527 singularis
1092 461 1157 515 sine
1182 462 1184 467 ’
1320 454 1321 519 i

211 549 214 556 ⁴
227 541 348 582 accessu
358 526 482 596 alicujus
492 528 637 584 realitatis
646 527 680 583 fit
689 542 829 599 persoua;
842 527 952 584 suffieit
961 530 1040 583 enim
1052 534 1084 585 ut
1092 531 1157 586 haec
1320 522 1321 589 l

228 600 336 654 natura
350 598 385 653 ab
400 598 458 652 alio
472 613 531 653 non
540 598 738 668 possideatur.
1191 601 1249 656 202
1320 602 1321 693 l

474 740 493 802 ἓ
507 738 553 793 lll.
564 741 605 793 De
617 736 819 793 accidentibus
833 736 995 809 speciatim.

262 878 407 933 Accidens
421 882 467 933 est
481 896 528 933 cres
537 884 619 935 entis.
635 880 806 935 Aecidentia
816 880 886 935 sunt
900 882 951 934 aut
964 881 1088 949 physica
1102 882 1154 936 aut

228 946 482 1004 denominationes
496 952 681 1007 extrinsecae.
696 950 840 1005 Accidens
854 950 943 1004 etiam
962 952 1106 1006 dividitur
1122 953 1154 1005 in

228 1021 346 1086 topicam
360 1023 595 1088 seupradicubitc
609 1024 640 1075 ct
646 1023 897 1089 predicamentum.

263 1092 385 1145 Transis.
406 1092 477 1144 Licet
492 1095 617 1145 occidens
628 1094 727 1146 tutiori
736 1108 817 1144 sensu
833 1097 972 1157 acceptum
987 1108 1044 1145 note
1060 1108 1152 1146 neees-

226 1163 303 1213 sario
327 1163 521 1228 distinpuulnr
545 1179 562 1214 o
590 1166 759 1233 substantio,
785 1168 878 1215 tcrncn
897 1164 972 1215 inter
996 1166 1153 1217 occidentia

223 1231 340 1297 physica
359 1236 384 1283 ct
408 1234 595 1286 substantiane
617 1237 689 1300 uipet
712 1236 852 1287 distinctio
872 1235 966 1295 realis,
988 1248 1056 1287 nam
1079 1234 1152 1288 sub-

227 1302 339 1355 stantia
349 1302 448 1356 varias
462 1305 575 1373 patitur
584 1305 680 1358 reales
691 1304 880 1367 mutationes,
888 1304 957 1358 licet
966 1304 996 1357 in
1006 1304 1071 1373 ipsa
1080 1303 1153 1359 sub-

226 1372 344 1426 stantiae
357 1372 475 1427 ratione
489 1389 547 1428 non
559 1375 598 1427 sit
607 1376 742 1429 mutatio.
1189 1375 1246 1429 205
1320 1428 1321 1439 ,

261 1440 327 1495 Set.
348 1442 418 1496 lude
432 1459 492 1499 non
512 1446 649 1515 sequitur
667 1444 803 1499 accidens
819 1460 836 1497 c
852 1446 1009 1499 substantio
1025 1446 1160 1514 seperari
1189 1516 1246 1572 w,
1320 1445 1321 1511 l

225 1525 322 1581 posse.

260 1582 431 1639 decidentia
449 1588 519 1639 sunt
528 1587 576 1640 vel
591 1585 718 1641 modalia
732 1584 781 1639 vel
795 1584 938 1641 absoluta.
1189 1586 1245 1642 206

637 1747 835 1801 ARTIGULUS
845 1747 876 1801 Η.

455 1888 491 1942 ne
503 1890 823 1959 quontitate‚,qualttolc
837 1894 862 1943 et
877 1888 988 1949 habitui
1320 1922 1321 1981 l

576 2033 594 2095 ἓ
607 2031 628 2084 Ι.
640 2032 681 2084 De
695 2030 871 2099 quantitate.

1320 2120 1321 2145 l

258 2176 406 2240 Quantum
420 2177 467 2228 est
480 2172 511 2226 id
521 2171 600 2242 quod
609 2171 788 2227 indivisibile
796 2173 843 2227 est
856 2172 888 2225 in
901 2175 1012 2243 partes,
1023 2186 1088 2243 qnae
1099 2186 1150 2228 se·
1320 2173 1321 2239 l

221 2248 333 2317 paratae
343 2246 373 2297 in
389 2258 421 2297 se
435 2257 610 2312 permanere
619 2245 755 2312 possunt.
1184 2244 1241 2299 207

258 2317 412 2382 Quantitas
427 2313 571 2376 dividitur
580 2314 611 2367 iu
627 2313 825 2382 quantitatem
836 2312 1022 2379 perfectionis,
1034 2316 1149 2369 uirtutis
1320 2344 1321 2384 1

220 2389 250 2441 et
259 2390 340 2440 motis
355 2400 421 2455 quae
437 2383 636 2438 subdividitur
645 2385 676 2437 in
688 2386 852 2436 continuum
866 2386 896 2437 et
906 2384 1063 2438 discretum.
1183 2386 1240 2440 208

254 2458 341 2511 Ratio
354 2455 487 2509 formalis
502 2455 677 2524 quantitatis
700 2456 760 2509 stat
778 2454 810 2507 in
829 2455 1000 2508 extensione
1016 2456 1147 2524 partium
1185 2518 1190 2523 .

219 2530 304 2581 extra
311 2530 422 2597 partes,
435 2540 494 2579 non
505 2524 624 2595 quidem
634 2525 664 2578 in
675 2524 779 2579 ordine
789 2524 825 2577 cd
836 2526 935 2594 locum,
945 2524 996 2578 sed
1006 2525 1146 2581 inordina
1320 2560 1321 2601 3

218 2599 255 2652 ud
268 2615 305 2653 se.
1181 2598 1237 2652 208
1320 2602 1321 2627 ³

612 2738 671 2803 511.
688 2740 728 2792 lle
743 2737 895 2807 qualitate.

253 2864 384 2930 Qualitas
404 2866 450 2919 est
465 2861 600 2917 accidens
620 2861 817 2917 substantiam
836 2860 986 2931 complens
1004 2876 1038 2916 ac
1052 2860 1143 2932 perfl-

217 2935 307 2990 oiens.
324 2934 442 2989 Perfioit
453 2933 502 2988 vel
517 2947 593 3004 esse,
603 2932 652 2987 vel
667 2932 869 3002 operationem
885 2934 1069 2988 substantiae.
1179 2934 1235 2988 209

402 3043 473 3107 5111.
485 3041 524 3094 De
538 3038 671 3108 potentia
686 3039 716 3092 et
729 3038 898 3107 praesertim
908 3037 945 3093 de
959 3038 1071 3093 habitu.

607 3164 629 3213 Ι.
645 3159 816 3225 Depotentia.

250 3283 385 3337 Potentia
401 3285 447 3336 est
460 3280 641 3350 principium
655 3277 781 3345 alicujus
797 3277 986 3347 operationis,
1005 3278 1141 3333 Potentia

213 3358 260 3409 est
277 3354 326 3408 vel
341 3353 497 3421 objectiva,
516 3351 565 3405 vel
584 3348 759 3419 subjectiva,
776 3362 842 3417 quae
857 3346 1005 3403 subdividi
1020 3349 1095 3403 solet
1105 3348 1139 3420 vin

212 3426 340 3481 activam
350 3426 380 3478 et
394 3423 552 3491 passivam.
1172 3421 1228 3475 210

247 3494 408 3550 Diversitas
430 3492 632 3562 potentiarum
657 3504 694 3544 ex
712 3487 887 3543 diversitate
901 3490 1022 3543 actuum
1040 3488 1136 3545 dima-

212 3569 274 3636 nat,
294 3563 365 3619 dum
388 3565 507 3618 actuum
522 3563 681 3617 diversitas
699 3574 736 3613 ex
754 3558 939 3629 obiectorum
950 3558 1124 3616 diversitate

33 3603 51 3676 ‚¹
209 3635 359 3707 provenit.
1170 3632 1223 3688 211
