2650 4242
220 199 261 261 60
528 219 709 264 sauvianruu
730 217 934 265 priuosornnc

259 329 308 390 88.
326 361 364 374 -
379 329 410 388 5⁰
424 333 471 390 De
485 329 691 390 Ditemmute.
711 325 882 390 Diiemma'
896 328 949 408 (δις
963 327 1105 406 topicos,
1131 329 1230 390 utrin-

220 425 286 488 que
302 407 407 486 capio)
425 409 515 485 quod
529 409 572 470 ad
594 410 827 488 syllogismum
854 408 1087 488 disjunctivum
1108 408 1231 470 reduci-

222 495 286 561 tur,
314 487 487 550 etidcirco
515 487 631 551 dicitur
657 492 757 550 etiam
777 489 1230 564 hypothetico-disiuncticum

222 574 271 631 est
287 568 530 646 argumentatio
553 570 586 630 in
616 585 681 648 qua
703 568 922 630 ostenditure
943 568 1071 629 duabus
1092 569 1232 645 partibus

223 649 361 727 alicujus
390 647 618 728 disjunctionis
650 663 921 727 unamquamque
944 653 1057 710 contra
1080 647 1230 710 adversa-

222 729 308 790 rium
322 729 388 790 vim
402 729 538 801 hahere,
556 734 589 789 et
606 734 852 806 consequenter
863 734 963 790 totam
979 729 1232 808 argumentatio-

223 825 302 870 nem
318 807 528 869 concludere.
546 808 756 871 Antecedens
771 812 880 886 potest
896 810 995 870 etiam
1015 808 1132 882 trihus,
1156 825 1234 886 qua·

225 893 312 959 tuor,
328 893 403 960 etc„
421 893 570 949 constare
581 889 750 962 membris
764 905 834 966 quae
850 889 979 968 singula
994 894 1107 950 contra
1129 887 1233 948 adver-

225 967 347 1029 sarium
362 968 473 1029 valent
491 987 497 1026 :
512 985 553 1029 ex
569 985 607 1028 ec
618 969 708 1046 quod
724 969 832 1029 omnia
846 970 994 1030 membra
1024 968 1234 1041 concludunt,

224 1047 372 1130 legitime
386 1045 525 1108 infertur
540 1053 642 1110 totam
667 1049 897 1127 disjunctivam
914 1049 956 1108 ad
972 1047 1237 1109 concludendum

225 1127 353 1189 admitti
366 1127 501 1188 dehere.
519 1129 573 1188 Vis
587 1129 687 1206 hujus
712 1129 1007 1206 argumentationis
1026 1126 1187 1189 fundatur
1205 1131 1237 1190 in

226 1211 342 1269 natura
357 1208 589 1284 propositionis
605 1207 824 1287 disjunctivae.

264 1287 347 1348 Exi:
373 1287 456 1348 lllud
479 1288 635 1350 dilemma
655 1289 847 1350 Tertulliani
873 1288 907 1348 in
932 1305 992 1349 suo
1023 1287 1238 1366 Apologetico

226 1365 385 1430 adversus
400 1367 585 1445 Trajanum.

265 1447 329 1508 Vel
343 1452 503 1509 nocentes
524 1455 601 1510 sunt
617 1449 796 1520 christiani,
813 1447 866 1509 vel
889 1449 1102 1520 innocentes3
1129 1447 1155 1508 si
1181 1462 1238 1507 no·
1307 1460 1309 1475 ¹

227 1531 352 1599 centes
370 1545 427 1589 cur
441 1529 560 1604 inquiri
573 1531 749 1607 prohibes?
766 1531 793 1591 si
816 1529 1022 1598 innocentes,
1048 1543 1106 1587 cur
1125 1524 1240 1587 delatis

118 1633 121 1639 ·
230 1621 366 1683 poenam
377 1608 522 1686 irrogas?

268 1687 318 1747 89,
335 1720 373 1728 -
389 1690 429 1749 Ut
444 1687 598 1748 dilemma
614 1688 761 1766 legitime
778 1686 965 1757 concludat,
978 1687 1156 1764 requiritur
1173 1706 1180 1747 :

271 1769 299 1826 1⁰
316 1770 351 1826 Ut
366 1767 538 1844 disjunctio
553 1769 593 1828 sit
615 1769 784 1844 compieta,
811 1767 935 1828 scilicet
957 1771 995 1827 ut
1018 1781 1085 1827 non
1111 1767 1154 1826 sit
1175 1780 1240 1824 me·
1307 1778 1309 1866 J

229 1842 319 1906 dium
329 1848 416 1908 inter
429 1847 578 1907 membra
594 1847 834 1926 disjunctionis,
852 1861 951 1908 secus
966 1847 1121 1926 effugium
1138 1847 1237 1907 hahe-

229 1923 508 1988 retadversarius
985 1934 987 1939 “

270 2006 301 2065 2⁰
317 2009 352 2066 Ut
373 2023 437 2066 non
453 2008 554 2082 possit
568 2009 761 2082 retorqueri.
784 2007 894 2067 Potest
915 2005 1100 2083 retorqueri
1126 2004 1240 2065 dilem·
1307 1993 1309 2064 l

229 2101 293 2158 ma,
308 2084 439 2162 quando
453 2087 582 2164 singula
597 2087 744 2148 membra
757 2090 801 2149 ita
811 2090 951 2162 possunt
966 2083 1154 2162 disponiut
1169 2100 1241 2144 con-

230 2165 331 2226 clusio
348 2166 497 2242 opposita
514 2168 716 2228 conclusioni
731 2167 901 2245 arguentis
920 2164 1033 2228 inferri
1049 2166 1162 2242 possit.
1307 2202 1309 2262 t

601 2307 817 2369 ARTICULUS
838 2309 874 2366 V.
1307 2309 1309 2460 Ι

543 2450 587 2507 De
601 2448 848 2522 sophismatibus
870 2445 881 2527 (
904 2445 927 2526 ).
984 2486 994 2539 .'

272 2587 322 2650 90.
349 2615 385 2628 *-
411 2585 472 2646 Per
500 2587 666 2664 sophisma
688 2586 883 2666 intelligitur
907 2586 1150 2665 argumentatio
1176 2603 1243 2663 quae
1307 2517 1309 2656 Ι

231 2668 301 2731 veri
320 2665 462 2734 speciem
476 2683 546 2743 prae
562 2683 598 2728 se
614 2665 690 2739 tert,
707 2668 784 2728 licet
798 2666 841 2728 ad
866 2665 984 2727 falsum
1009 2672 1043 2728 et
1067 2665 1244 2726 absurdum

232 2748 381 2811 adducat.
400 2746 532 2828 Σὸφισμα,
549 2749 736 2824 artificium,
761 2754 860 2819 astris,
882 2746 999 2807 dicitur
1021 2763 1040 2806 a
1059 2746 1210 2823 sophistis
1234 2764 1240 2804 :
1307 2734 1309 2852 J

231 2845 292 2907 per
306 2825 487 2900 sophistam
499 2827 586 2888 enim
601 2828 796 2906 intelligitur
805 2828 903 2888 homo
920 2827 1103 2887 simulatam
1118 2826 1242 2902 sapien-

233 2911 312 2969 tiar‘n
327 2908 508 2968 ostentans.

274 2984 412 3056 Scholae,
437 2993 513 3064 post
534 2987 755 3058 Aristotelem,
776 3003 835 3047 sex
854 2984 999 3048 fallacias
1013 2987 1169 3059 dictionis,
1185 3000 1243 3047 seu
1307 2942 1309 3037 l

231 3071 266 3128 in
280 3065 396 3141 verbis,
412 3089 483 3148 παρα
497 3092 547 3144 την
562 3068 639 3137 lein,
657 3070 865 3142 enumerant,
883 3071 916 3128 et
930 3071 1061 3144 septem
1074 3071 1170 3126 extro
1182 3065 1242 3126 dic·

232 3151 363 3221 tionem,
381 3147 429 3217 εξω
444 3171 498 3225 της
511 3148 619 3217 λεξεως,
637 3163 696 3207 seu
710 3149 744 3207 t‘it
758 3148 863 3208 rebus.
1307 3156 1309 3227 l

552 3283 572 3336 Ι.
589 3283 630 3336 De
644 3279 769 3334 fallaciis
778 3277 927 3334 dictionis.

273 3406 323 3468 91.
341 3438 379 3448 -
397 3402 512 3479 Quoad
526 3401 672 3463 fallacias
688 3401 838 3463 dictionis
854 3399 930 3464 duae
947 3407 1085 3476 tantum,
1113 3417 1239 3478 compo·
1307 3364 1309 3413 Ι

234 3484 306 3546 sitio
324 3489 357 3546 et
372 3482 499 3556 divisio,
513 3487 588 3544 sunt
604 3481 712 3543 relatu
727 3481 852 3561 digne:

267 3617 305 3678 (a)
319 3616 394 3666 Doct.
410 3612 539 3678 angelicus
551 3613 620 3662 inter
633 3613 748 3678 opuscul⁴
757 3612 935 3672 Fallaciarum,
951 3627 1006 3677 cap.
1021 3627 1077 3664 xrt.
