<?xml version="1.0" encoding="UTF-8"?>
<!DOCTYPE html PUBLIC "-//W3C//DTD XHTML 1.0 Transitional//EN"
    "http://www.w3.org/TR/xhtml1/DTD/xhtml1-transitional.dtd">
<html xmlns="http://www.w3.org/1999/xhtml" xml:lang="en" lang="en">
 <head>
  <title>
</title>
<meta http-equiv="Content-Type" content="text/html;charset=utf-8" />
  <meta name='ocr-system' content='tesseract 3.04.00' />
  <meta name='ocr-capabilities' content='ocr_page ocr_carea ocr_par ocr_line ocrx_word'/>
</head>
<body>
  <div class='ocr_page' id='page_1' title='image "./brevariumphilos01grangoog_0079.png"; bbox 0 0 2650 4242; ppageno 0'>
   <div class='ocr_carea' id='block_1_1' title="bbox 430 243 1096 306">
    <p class='ocr_par' dir='ltr' id='par_1_1' title="bbox 430 243 1096 306">
     <span class='ocr_line' id='line_1_1' title="bbox 430 243 1096 306; baseline -0.005 -2"><span class='ocrx_word' id='word_1_1' title='bbox 430 279 434 283; x_wconf 95' lang='lat'><em>-</em></span> <span class='ocrx_word' id='word_1_2' title='bbox 478 259 596 306; x_wconf 73' lang='lat' dir='ltr'><em>Locren</em></span> <span class='ocrx_word' id='word_1_3' title='bbox 617 258 690 305; x_wconf 66' lang='lat' dir='ltr'><em>nans</em></span> <span class='ocrx_word' id='word_1_4' title='bbox 711 265 732 305; x_wconf 91' lang='lat'><em>1.</em></span> <span class='ocrx_word' id='word_1_5' title='bbox 1061 243 1096 302; x_wconf 81' lang='lat' dir='ltr'><em>til</em></span> 
     </span>
    </p>
   </div>
   <div class='ocr_carea' id='block_1_2' title="bbox 78 372 1159 2192">
    <p class='ocr_par' dir='ltr' id='par_1_2' title="bbox 78 372 1159 610">
     <span class='ocr_line' id='line_1_2' title="bbox 124 372 1098 451; baseline 0 -18"><span class='ocrx_word' id='word_1_6' title='bbox 124 375 138 433; x_wconf 94' lang='lat' dir='ltr'><em>l</em></span> <span class='ocrx_word' id='word_1_7' title='bbox 169 372 224 432; x_wconf 86' lang='lat' dir='ltr'><em>Est</em></span> <span class='ocrx_word' id='word_1_8' title='bbox 237 372 401 448; x_wconf 74' lang='lat' dir='ltr'><em>sophisma</em></span> <span class='ocrx_word' id='word_1_9' title='bbox 412 387 473 432; x_wconf 91' lang='lat' dir='ltr'><em>seu</em></span> <span class='ocrx_word' id='word_1_10' title='bbox 487 372 626 446; x_wconf 80' lang='lat' dir='ltr'><em>soliocio</em></span> <span class='ocrx_word' id='word_1_11' title='bbox 642 376 890 448; x_wconf 80' lang='lat' dir='ltr'><em>compositionis,</em></span> <span class='ocrx_word' id='word_1_12' title='bbox 911 389 982 451; x_wconf 84' lang='lat' dir='ltr'><em>quae</em></span> <span class='ocrx_word' id='word_1_13' title='bbox 998 373 1098 434; x_wconf 81' lang='lat' dir='ltr'><em>habe·</em></span> 
     </span>
     <span class='ocr_line' id='line_1_3' title="bbox 78 450 1100 529; baseline 0.001 -16"><span class='ocrx_word' id='word_1_14' title='bbox 78 457 135 513; x_wconf 90' lang='lat' dir='ltr'><em>tur</em></span> <span class='ocrx_word' id='word_1_15' title='bbox 150 450 285 529; x_wconf 83' lang='lat' dir='ltr'><em>quando</em></span> <span class='ocrx_word' id='word_1_16' title='bbox 300 451 340 512; x_wconf 78' lang='lat' dir='ltr'><em>fic</em></span> <span class='ocrx_word' id='word_1_17' title='bbox 351 451 506 512; x_wconf 71' lang='lat' dir='ltr'><strong>transitus</strong></span> <span class='ocrx_word' id='word_1_18' title='bbox 523 469 656 515; x_wconf 87' lang='lat' dir='ltr'><em>asensu</em></span> <span class='ocrx_word' id='word_1_19' title='bbox 672 451 786 516; x_wconf 89' lang='lat' dir='ltr'><em>divisio</em></span> <span class='ocrx_word' id='word_1_20' title='bbox 803 453 998 515; x_wconf 86' lang='lat' dir='ltr'><em>adsensum</em></span> <span class='ocrx_word' id='word_1_21' title='bbox 1014 469 1100 514; x_wconf 91' lang='lat' dir='ltr'><em>com·</em></span> 
     </span>
     <span class='ocr_line' id='line_1_4' title="bbox 79 533 1159 610; baseline -0.002 -17"><span class='ocrx_word' id='word_1_22' title='bbox 79 533 241 610; x_wconf 90' lang='lat' dir='ltr'><em>positum.</em></span> <span class='ocrx_word' id='word_1_23' title='bbox 862 574 867 579; x_wconf 86' lang='grc'><strong>-</strong></span> <span class='ocrx_word' id='word_1_24' title='bbox 1157 605 1159 609; x_wconf 23' lang='grc' dir='ltr'>Ι</span> 
     </span>
    </p>

    <p class='ocr_par' dir='ltr' id='par_1_3' title="bbox 81 610 1103 768">
     <span class='ocr_line' id='line_1_5' title="bbox 122 610 1103 690; baseline 0 -18"><span class='ocrx_word' id='word_1_25' title='bbox 122 613 144 672; x_wconf 79' lang='lat'><strong>2</strong></span> <span class='ocrx_word' id='word_1_26' title='bbox 184 613 239 672; x_wconf 85' lang='lat' dir='ltr'><em>Est</em></span> <span class='ocrx_word' id='word_1_27' title='bbox 266 611 430 688; x_wconf 71' lang='lat' dir='ltr'><em>sophisma</em></span> <span class='ocrx_word' id='word_1_28' title='bbox 456 627 516 671; x_wconf 89' lang='lat' dir='ltr'><em>seu</em></span> <span class='ocrx_word' id='word_1_29' title='bbox 538 611 680 685; x_wconf 82' lang='lat' dir='ltr'><em>foliacia</em></span> <span class='ocrx_word' id='word_1_30' title='bbox 704 613 881 684; x_wconf 70' lang='lat' dir='ltr'><em>divisionis,</em></span> <span class='ocrx_word' id='word_1_31' title='bbox 908 611 1041 690; x_wconf 90' lang='lat' dir='ltr'><em>quando</em></span> <span class='ocrx_word' id='word_1_32' title='bbox 1067 610 1103 672; x_wconf 88' lang='lat' dir='ltr'><em>fit</em></span> 
     </span>
     <span class='ocr_line' id='line_1_6' title="bbox 81 690 960 768; baseline -0.003 -14"><span class='ocrx_word' id='word_1_33' title='bbox 81 693 243 754; x_wconf 77' lang='lat' dir='ltr'><em>transitus</em></span> <span class='ocrx_word' id='word_1_34' title='bbox 258 708 277 752; x_wconf 90' lang='lat' dir='ltr'><em>a</em></span> <span class='ocrx_word' id='word_1_35' title='bbox 291 706 393 752; x_wconf 89' lang='lat' dir='ltr'><em>sensu</em></span> <span class='ocrx_word' id='word_1_36' title='bbox 409 691 590 768; x_wconf 86' lang='lat' dir='ltr'><em>composito</em></span> <span class='ocrx_word' id='word_1_37' title='bbox 608 690 796 753; x_wconf 87' lang='lat' dir='ltr'><em>adsensum</em></span> <span class='ocrx_word' id='word_1_38' title='bbox 812 691 960 754; x_wconf 89' lang='lat' dir='ltr'><em>divisum.</em></span> 
     </span>
    </p>

    <p class='ocr_par' dir='ltr' id='par_1_4' title="bbox 82 770 1121 1242">
     <span class='ocr_line' id='line_1_7' title="bbox 127 770 1105 848; baseline -0.001 -17"><span class='ocrx_word' id='word_1_39' title='bbox 127 773 195 832; x_wconf 87' lang='lat' dir='ltr'><em>lloc</em></span> <span class='ocrx_word' id='word_1_40' title='bbox 211 770 378 848; x_wconf 84' lang='lat' dir='ltr'><em>sophisma</em></span> <span class='ocrx_word' id='word_1_41' title='bbox 398 786 517 831; x_wconf 87' lang='lat' dir='ltr'><em>sensus</em></span> <span class='ocrx_word' id='word_1_42' title='bbox 533 772 706 846; x_wconf 77' lang='lat' dir='ltr'><em>compositi</em></span> <span class='ocrx_word' id='word_1_43' title='bbox 720 773 772 832; x_wconf 90' lang='lat' dir='ltr'><em>vel</em></span> <span class='ocrx_word' id='word_1_44' title='bbox 786 789 904 833; x_wconf 91' lang='lat' dir='ltr'><em>sensus</em></span> <span class='ocrx_word' id='word_1_45' title='bbox 932 771 1025 833; x_wconf 89' lang='lat' dir='ltr'><em>divisi</em></span> <span class='ocrx_word' id='word_1_46' title='bbox 1050 771 1105 830; x_wconf 84' lang='lat' dir='ltr'><em>ha-</em></span> 
     </span>
     <span class='ocr_line' id='line_1_8' title="bbox 82 849 1104 929; baseline 0.001 -17"><span class='ocrx_word' id='word_1_47' title='bbox 82 853 198 925; x_wconf 88' lang='lat' dir='ltr'><em>betur,</em></span> <span class='ocrx_word' id='word_1_48' title='bbox 215 868 290 912; x_wconf 90' lang='lat' dir='ltr'><em>cum</em></span> <span class='ocrx_word' id='word_1_49' title='bbox 301 849 443 911; x_wconf 65' lang='lat' dir='ltr'><em>‘infertur</em></span> <span class='ocrx_word' id='word_1_50' title='bbox 465 850 529 911; x_wconf 92' lang='lat' dir='ltr'><em>duo</em></span> <span class='ocrx_word' id='word_1_51' title='bbox 545 849 736 926; x_wconf 75' lang='lat' dir='ltr'><em>praedicata,</em></span> <span class='ocrx_word' id='word_1_52' title='bbox 755 867 830 929; x_wconf 80' lang='lat' dir='ltr'><em>quse</em></span> <span class='ocrx_word' id='word_1_53' title='bbox 846 853 943 912; x_wconf 90' lang='lat' dir='ltr'><em>alicui</em></span> <span class='ocrx_word' id='word_1_54' title='bbox 952 850 1104 929; x_wconf 86' lang='lat' dir='ltr'><em>subjecto</em></span> 
     </span>
     <span class='ocr_line' id='line_1_9' title="bbox 83 932 1121 1008; baseline -0.002 -16"><span class='ocrx_word' id='word_1_55' title='bbox 83 932 187 992; x_wconf 90' lang='lat' dir='ltr'><em>simul</em></span> <span class='ocrx_word' id='word_1_56' title='bbox 202 937 391 1006; x_wconf 76' lang='lat' dir='ltr'><em>competere</em></span> <span class='ocrx_word' id='word_1_57' title='bbox 402 945 470 992; x_wconf 92' lang='lat' dir='ltr'><em>non</em></span> <span class='ocrx_word' id='word_1_58' title='bbox 484 936 634 1006; x_wconf 88' lang='lat' dir='ltr'><em>possunt,</em></span> <span class='ocrx_word' id='word_1_59' title='bbox 652 945 764 1008; x_wconf 90' lang='lat' dir='ltr'><em>neque</em></span> <span class='ocrx_word' id='word_1_60' title='bbox 776 933 917 994; x_wconf 84' lang='lat' dir='ltr'><em>seorsim</em></span> <span class='ocrx_word' id='word_1_61' title='bbox 932 934 964 993; x_wconf 91' lang='lat' dir='ltr'><em>ei</em></span> <span class='ocrx_word' id='word_1_62' title='bbox 975 941 1121 1006; x_wconf 50' lang='lat' dir='ltr'><em>compet</em></span> 
     </span>
     <span class='ocr_line' id='line_1_10' title="bbox 86 1010 1106 1088; baseline -0.004 -16"><span class='ocrx_word' id='word_1_63' title='bbox 86 1017 160 1072; x_wconf 88' lang='lat' dir='ltr'><em>tere</em></span> <span class='ocrx_word' id='word_1_64' title='bbox 176 1027 294 1086; x_wconf 90' lang='lat' dir='ltr'><em>posse;</em></span> <span class='ocrx_word' id='word_1_65' title='bbox 310 1027 370 1072; x_wconf 91' lang='lat' dir='ltr'><em>seu</em></span> <span class='ocrx_word' id='word_1_66' title='bbox 388 1011 459 1070; x_wconf 89' lang='lat' dir='ltr'><em>aliis</em></span> <span class='ocrx_word' id='word_1_67' title='bbox 474 1011 599 1079; x_wconf 81' lang='lat' dir='ltr'><em>verbis,</em></span> <span class='ocrx_word' id='word_1_68' title='bbox 618 1027 691 1071; x_wconf 87' lang='lat' dir='ltr'><em>cum</em></span> <span class='ocrx_word' id='word_1_69' title='bbox 708 1012 804 1073; x_wconf 86' lang='lat' dir='ltr'><em>alicui</em></span> <span class='ocrx_word' id='word_1_70' title='bbox 825 1013 873 1088; x_wconf 86' lang='lat' dir='ltr'><em>rei</em></span> <span class='ocrx_word' id='word_1_71' title='bbox 896 1012 1048 1073; x_wconf 87' lang='lat' dir='ltr'><em>tribuitur</em></span> <span class='ocrx_word' id='word_1_72' title='bbox 1071 1010 1106 1069; x_wconf 90' lang='lat' dir='ltr'><em>in</em></span> 
     </span>
     <span class='ocr_line' id='line_1_11' title="bbox 84 1089 1102 1168; baseline -0.004 -16"><span class='ocrx_word' id='word_1_73' title='bbox 84 1107 193 1152; x_wconf 87' lang='lat' dir='ltr'><em>sensu</em></span> <span class='ocrx_word' id='word_1_74' title='bbox 207 1091 387 1166; x_wconf 88' lang='lat' dir='ltr'><em>composito</em></span> <span class='ocrx_word' id='word_1_75' title='bbox 404 1093 459 1150; x_wconf 90' lang='lat' dir='ltr'><em>aut</em></span> <span class='ocrx_word' id='word_1_76' title='bbox 475 1091 657 1162; x_wconf 82' lang='lat' dir='ltr'><em>collective,</em></span> <span class='ocrx_word' id='word_1_77' title='bbox 676 1091 767 1167; x_wconf 92' lang='lat' dir='ltr'><em>quod</em></span> <span class='ocrx_word' id='word_1_78' title='bbox 780 1092 844 1168; x_wconf 89' lang='lat' dir='ltr'><em>ipsi</em></span> <span class='ocrx_word' id='word_1_79' title='bbox 856 1093 891 1152; x_wconf 92' lang='lat' dir='ltr'><em>in</em></span> <span class='ocrx_word' id='word_1_80' title='bbox 905 1108 1008 1152; x_wconf 89' lang='lat' dir='ltr'><em>sensu</em></span> <span class='ocrx_word' id='word_1_81' title='bbox 1022 1089 1102 1150; x_wconf 91' lang='lat' dir='ltr'><em>divi-</em></span> 
     </span>
     <span class='ocr_line' id='line_1_12' title="bbox 85 1169 885 1242; baseline 0.001 -10"><span class='ocrx_word' id='word_1_82' title='bbox 85 1189 124 1232; x_wconf 91' lang='lat' dir='ltr'><em>so</em></span> <span class='ocrx_word' id='word_1_83' title='bbox 141 1187 206 1231; x_wconf 90' lang='lat' dir='ltr'><em>seu</em></span> <span class='ocrx_word' id='word_1_84' title='bbox 217 1169 421 1232; x_wconf 84' lang='lat' dir='ltr'><em>distributive</em></span> <span class='ocrx_word' id='word_1_85' title='bbox 436 1171 601 1242; x_wconf 84' lang='lat' dir='ltr'><em>convenit,</em></span> <span class='ocrx_word' id='word_1_86' title='bbox 619 1176 677 1230; x_wconf 91' lang='lat' dir='ltr'><em>aut</em></span> <span class='ocrx_word' id='word_1_87' title='bbox 691 1173 762 1233; x_wconf 86' lang='lat' dir='ltr'><em>vice</em></span> <span class='ocrx_word' id='word_1_88' title='bbox 778 1188 885 1233; x_wconf 88' lang='lat' dir='ltr'><em>versa.</em></span> 
     </span>
    </p>

    <p class='ocr_par' dir='ltr' id='par_1_5' title="bbox 87 1247 1128 1646">
     <span class='ocr_line' id='line_1_13' title="bbox 128 1247 1106 1327; baseline -0.001 -16"><span class='ocrx_word' id='word_1_89' title='bbox 128 1252 204 1311; x_wconf 89' lang='lat' dir='ltr'><em>Sint</em></span> <span class='ocrx_word' id='word_1_90' title='bbox 214 1253 248 1310; x_wconf 91' lang='lat' dir='ltr'><em>in</em></span> <span class='ocrx_word' id='word_1_91' title='bbox 265 1251 455 1327; x_wconf 82' lang='lat' dir='ltr'><em>exemplum</em></span> <span class='ocrx_word' id='word_1_92' title='bbox 464 1249 700 1316; x_wconf 82' lang='lat' dir='ltr'><em>verhaChristi</em></span> <span class='ocrx_word' id='word_1_93' title='bbox 717 1253 872 1312; x_wconf 86' lang='lat' dir='ltr'><em>dicentis:</em></span> <span class='ocrx_word' id='word_1_94' title='bbox 886 1251 966 1311; x_wconf 86' lang='lat' dir='ltr'><em>Caeci</em></span> <span class='ocrx_word' id='word_1_95' title='bbox 979 1247 1106 1321; x_wconf 85' lang='lat' dir='ltr'><em>vident,</em></span> 
     </span>
     <span class='ocr_line' id='line_1_14' title="bbox 87 1328 1106 1393; baseline -0.004 -1"><span class='ocrx_word' id='word_1_96' title='bbox 87 1330 203 1392; x_wconf 88' lang='lat' dir='ltr'><em>claudi</em></span> <span class='ocrx_word' id='word_1_97' title='bbox 217 1331 400 1392; x_wconf 86' lang='lat' dir='ltr'><em>ambulant.</em></span> <span class='ocrx_word' id='word_1_98' title='bbox 418 1328 490 1390; x_wconf 77' lang='lat' dir='ltr'><em>llaec</em></span> <span class='ocrx_word' id='word_1_99' title='bbox 505 1331 610 1392; x_wconf 86' lang='lat' dir='ltr'><em>verba</em></span> <span class='ocrx_word' id='word_1_100' title='bbox 624 1347 703 1391; x_wconf 88' lang='lat' dir='ltr'><em>vera</em></span> <span class='ocrx_word' id='word_1_101' title='bbox 717 1337 793 1393; x_wconf 88' lang='lat' dir='ltr'><em>sunt</em></span> <span class='ocrx_word' id='word_1_102' title='bbox 808 1332 957 1392; x_wconf 89' lang='lat' dir='ltr'><em>insensu</em></span> <span class='ocrx_word' id='word_1_103' title='bbox 972 1329 1076 1391; x_wconf 91' lang='lat' dir='ltr'><em>diviso</em></span> <span class='ocrx_word' id='word_1_104' title='bbox 1099 1349 1106 1388; x_wconf 91' lang='lat'><strong>:</strong></span> 
     </span>
     <span class='ocr_line' id='line_1_15' title="bbox 89 1409 1110 1488; baseline 0 -18"><span class='ocrx_word' id='word_1_105' title='bbox 89 1413 149 1488; x_wconf 89' lang='lat' dir='ltr'><em>qui</em></span> <span class='ocrx_word' id='word_1_106' title='bbox 167 1411 243 1472; x_wconf 90' lang='lat' dir='ltr'><em>olim</em></span> <span class='ocrx_word' id='word_1_107' title='bbox 259 1415 357 1470; x_wconf 90' lang='lat' dir='ltr'><em>erant</em></span> <span class='ocrx_word' id='word_1_108' title='bbox 380 1413 576 1481; x_wconf 71' lang='lat' dir='ltr'><em>saccinum</em></span> <span class='ocrx_word' id='word_1_109' title='bbox 601 1409 730 1485; x_wconf 89' lang='lat' dir='ltr'><em>vident;</em></span> <span class='ocrx_word' id='word_1_110' title='bbox 758 1413 952 1487; x_wconf 79' lang='lat' dir='ltr'><em>neutiquam</em></span> <span class='ocrx_word' id='word_1_111' title='bbox 974 1428 1050 1472; x_wconf 92' lang='lat' dir='ltr'><em>vero</em></span> <span class='ocrx_word' id='word_1_112' title='bbox 1075 1411 1110 1470; x_wconf 90' lang='lat' dir='ltr'><em>in</em></span> 
     </span>
     <span class='ocr_line' id='line_1_16' title="bbox 88 1491 1128 1567; baseline -0.002 -17"><span class='ocrx_word' id='word_1_113' title='bbox 88 1506 198 1551; x_wconf 85' lang='lat' dir='ltr'><em>sensu</em></span> <span class='ocrx_word' id='word_1_114' title='bbox 214 1491 412 1567; x_wconf 82' lang='lat' dir='ltr'><em>composit03</em></span> <span class='ocrx_word' id='word_1_115' title='bbox 430 1505 508 1550; x_wconf 92' lang='lat' dir='ltr'><em>nam</em></span> <span class='ocrx_word' id='word_1_116' title='bbox 518 1506 586 1550; x_wconf 93' lang='lat' dir='ltr'><em>non</em></span> <span class='ocrx_word' id='word_1_117' title='bbox 599 1495 676 1552; x_wconf 91' lang='lat' dir='ltr'><em>sunt</em></span> <span class='ocrx_word' id='word_1_118' title='bbox 687 1491 785 1552; x_wconf 91' lang='lat' dir='ltr'><em>simul</em></span> <span class='ocrx_word' id='word_1_119' title='bbox 797 1493 878 1551; x_wconf 87' lang='lat' dir='ltr'><em>caeci</em></span> <span class='ocrx_word' id='word_1_120' title='bbox 891 1495 925 1550; x_wconf 92' lang='lat' dir='ltr'><em>et</em></span> <span class='ocrx_word' id='word_1_121' title='bbox 933 1492 1086 1553; x_wconf 88' lang='lat' dir='ltr'><em>videntes</em></span> <span class='ocrx_word' id='word_1_122' title='bbox 1101 1509 1108 1548; x_wconf 93' lang='lat'>:</span> <span class='ocrx_word' id='word_1_123' title='bbox 1126 1544 1128 1549; x_wconf 86' lang='lat'><em>.</em></span> 
     </span>
     <span class='ocr_line' id='line_1_17' title="bbox 90 1567 610 1646; baseline -0.002 -15"><span class='ocrx_word' id='word_1_124' title='bbox 90 1575 185 1631; x_wconf 88' lang='lat' dir='ltr'><em>esset</em></span> <span class='ocrx_word' id='word_1_125' title='bbox 199 1567 328 1640; x_wconf 82' lang='lat' dir='ltr'><em>fallacia</em></span> <span class='ocrx_word' id='word_1_126' title='bbox 346 1569 610 1646; x_wconf 87' lang='lat' dir='ltr'><em>compositionis.</em></span> 
     </span>
    </p>

    <p class='ocr_par' dir='ltr' id='par_1_6' title="bbox 90 1649 1133 2192">
     <span class='ocr_line' id='line_1_18' title="bbox 132 1649 1109 1727; baseline 0 -17"><span class='ocrx_word' id='word_1_127' title='bbox 132 1649 317 1727; x_wconf 81' lang='lat' dir='ltr'><em>Prepesitio</em></span> <span class='ocrx_word' id='word_1_128' title='bbox 333 1665 481 1726; x_wconf 87' lang='lat' dir='ltr'><em>sequens</em></span> <span class='ocrx_word' id='word_1_129' title='bbox 497 1667 515 1710; x_wconf 92' lang='lat' dir='ltr'><em>e</em></span> <span class='ocrx_word' id='word_1_130' title='bbox 532 1655 645 1712; x_wconf 90' lang='lat' dir='ltr'><em>contra</em></span> <span class='ocrx_word' id='word_1_131' title='bbox 661 1666 739 1711; x_wconf 87' lang='lat' dir='ltr'><em>vera</em></span> <span class='ocrx_word' id='word_1_132' title='bbox 754 1650 848 1710; x_wconf 88' lang='lat' dir='ltr'><em>estin</em></span> <span class='ocrx_word' id='word_1_133' title='bbox 858 1666 962 1711; x_wconf 89' lang='lat' dir='ltr'><em>sensu</em></span> <span class='ocrx_word' id='word_1_134' title='bbox 976 1666 1109 1726; x_wconf 88' lang='lat' dir='ltr'><em>compo-</em></span> 
     </span>
     <span class='ocr_line' id='line_1_19' title="bbox 91 1729 1113 1808; baseline -0.002 -18"><span class='ocrx_word' id='word_1_135' title='bbox 91 1733 172 1802; x_wconf 82' lang='lat' dir='ltr'><em>sito,</em></span> <span class='ocrx_word' id='word_1_136' title='bbox 203 1733 236 1790; x_wconf 89' lang='lat' dir='ltr'><em>et</em></span> <span class='ocrx_word' id='word_1_137' title='bbox 262 1729 345 1791; x_wconf 90' lang='lat' dir='ltr'><em>falsa</em></span> <span class='ocrx_word' id='word_1_138' title='bbox 371 1731 406 1789; x_wconf 90' lang='lat' dir='ltr'><em>in</em></span> <span class='ocrx_word' id='word_1_139' title='bbox 434 1746 538 1791; x_wconf 89' lang='lat' dir='ltr'><em>sensu</em></span> <span class='ocrx_word' id='word_1_140' title='bbox 563 1729 666 1791; x_wconf 89' lang='lat' dir='ltr'><em>diviso</em></span> <span class='ocrx_word' id='word_1_141' title='bbox 694 1749 701 1790; x_wconf 76' lang='grc' dir='ltr'><strong><em>ε</em></strong></span> <span class='ocrx_word' id='word_1_142' title='bbox 728 1730 874 1806; x_wconf 84' lang='lat' dir='ltr'><em>Apostoli</em></span> <span class='ocrx_word' id='word_1_143' title='bbox 898 1730 1113 1808; x_wconf 81' lang='lat' dir='ltr'><em>Evangelium</em></span> 
     </span>
     <span class='ocr_line' id='line_1_20' title="bbox 90 1809 1112 1888; baseline -0.004 -18"><span class='ocrx_word' id='word_1_144' title='bbox 90 1809 362 1888; x_wconf 86' lang='lat' dir='ltr'><em>praedicaverunt</em></span> <span class='ocrx_word' id='word_1_145' title='bbox 375 1811 409 1870; x_wconf 90' lang='lat' dir='ltr'><em>in</em></span> <span class='ocrx_word' id='word_1_146' title='bbox 417 1816 485 1874; x_wconf 85' lang='lat' dir='ltr'><em>toto</em></span> <span class='ocrx_word' id='word_1_147' title='bbox 502 1811 597 1883; x_wconf 82' lang='lat' dir='ltr'><em>orhe3</em></span> <span class='ocrx_word' id='word_1_148' title='bbox 611 1813 638 1872; x_wconf 89' lang='lat' dir='ltr'><em>si</em></span> <span class='ocrx_word' id='word_1_149' title='bbox 655 1809 821 1871; x_wconf 86' lang='lat' dir='ltr'><em>diceretur</em></span> <span class='ocrx_word' id='word_1_150' title='bbox 838 1829 845 1871; x_wconf 91' lang='lat'>:</span> <span class='ocrx_word' id='word_1_151' title='bbox 861 1811 960 1887; x_wconf 86' lang='lat' dir='ltr'><em>Atqui</em></span> <span class='ocrx_word' id='word_1_152' title='bbox 968 1811 1112 1870; x_wconf 81' lang='lat' dir='ltr'><em>ioannes</em></span> 
     </span>
     <span class='ocr_line' id='line_1_21' title="bbox 91 1889 1112 1974; baseline -0.001 -25"><span class='ocrx_word' id='word_1_153' title='bbox 91 1889 158 1951; x_wconf 89' lang='lat' dir='ltr'><em>fuit</em></span> <span class='ocrx_word' id='word_1_154' title='bbox 173 1891 358 1966; x_wconf 90' lang='lat' dir='ltr'><em>apostolus;</em></span> <span class='ocrx_word' id='word_1_155' title='bbox 377 1905 456 1968; x_wconf 84' lang='lat' dir='ltr'><em>ergo</em></span> <span class='ocrx_word' id='word_1_156' title='bbox 472 1893 590 1952; x_wconf 87' lang='lat' dir='ltr'><em>inloto</em></span> <span class='ocrx_word' id='word_1_157' title='bbox 606 1891 688 1952; x_wconf 85' lang='lat' dir='ltr'><em>orbe</em></span> <span class='ocrx_word' id='word_1_158' title='bbox 713 1891 926 1974; x_wconf 84' lang='lat' dir='ltr'><em>evangelium</em></span> <span class='ocrx_word' id='word_1_159' title='bbox 950 1889 1112 1967; x_wconf 87' lang='lat' dir='ltr'><em>praedica-</em></span> 
     </span>
     <span class='ocr_line' id='line_1_22' title="bbox 90 1967 1129 2046; baseline -0.003 -15"><span class='ocrx_word' id='word_1_160' title='bbox 90 1974 152 2044; x_wconf 90' lang='lat' dir='ltr'><em>vit,</em></span> <span class='ocrx_word' id='word_1_161' title='bbox 169 1969 272 2032; x_wconf 89' lang='lat' dir='ltr'><em>illatio</em></span> <span class='ocrx_word' id='word_1_162' title='bbox 290 1975 378 2030; x_wconf 88' lang='lat' dir='ltr'><em>esset</em></span> <span class='ocrx_word' id='word_1_163' title='bbox 392 1967 483 2043; x_wconf 85' lang='lat' dir='ltr'><em>falsa;</em></span> <span class='ocrx_word' id='word_1_164' title='bbox 502 1969 579 2046; x_wconf 89' lang='lat' dir='ltr'><em>quia</em></span> <span class='ocrx_word' id='word_1_165' title='bbox 592 1968 688 2030; x_wconf 89' lang='lat' dir='ltr'><em>fieret</em></span> <span class='ocrx_word' id='word_1_166' title='bbox 703 1972 860 2030; x_wconf 86' lang='lat' dir='ltr'><em>transitus</em></span> <span class='ocrx_word' id='word_1_167' title='bbox 875 1985 1007 2030; x_wconf 87' lang='lat' dir='ltr'><em>ascnsu</em></span> <span class='ocrx_word' id='word_1_168' title='bbox 1019 1984 1111 2041; x_wconf 79' lang='lat' dir='ltr'><em>oom-</em></span> <span class='ocrx_word' id='word_1_169' title='bbox 1127 2034 1129 2040; x_wconf 54' lang='grc'>,</span> 
     </span>
     <span class='ocr_line' id='line_1_23' title="bbox 93 2049 1133 2129; baseline -0.004 -17"><span class='ocrx_word' id='word_1_170' title='bbox 93 2051 207 2128; x_wconf 90' lang='lat' dir='ltr'><em>posito</em></span> <span class='ocrx_word' id='word_1_171' title='bbox 231 2049 435 2110; x_wconf 89' lang='lat' dir='ltr'><em>adsensum</em></span> <span class='ocrx_word' id='word_1_172' title='bbox 459 2050 628 2125; x_wconf 82' lang='lat' dir='ltr'><em>divisum:</em></span> <span class='ocrx_word' id='word_1_173' title='bbox 655 2051 728 2110; x_wconf 88' lang='lat' dir='ltr'><em>haec</em></span> <span class='ocrx_word' id='word_1_174' title='bbox 748 2052 995 2129; x_wconf 84' lang='lat' dir='ltr'><em>argumentatio</em></span> <span class='ocrx_word' id='word_1_175' title='bbox 1021 2051 1133 2122; x_wconf 87' lang='lat' dir='ltr'><em>esset</em></span> 
     </span>
     <span class='ocr_line' id='line_1_24' title="bbox 92 2129 423 2192; baseline -0.003 -1"><span class='ocrx_word' id='word_1_176' title='bbox 92 2129 228 2192; x_wconf 83' lang='lat' dir='ltr'><em>fallacia</em></span> <span class='ocrx_word' id='word_1_177' title='bbox 244 2129 423 2192; x_wconf 81' lang='lat' dir='ltr'><em>divisionis.</em></span> 
     </span>
    </p>
   </div>
   <div class='ocr_carea' id='block_1_3' title="bbox 329 2279 872 2353">
    <p class='ocr_par' dir='ltr' id='par_1_7' title="bbox 329 2279 872 2353">
     <span class='ocr_line' id='line_1_25' title="bbox 329 2279 872 2353; baseline 0.002 -13"><span class='ocrx_word' id='word_1_178' title='bbox 329 2281 365 2341; x_wconf 92' lang='lat' dir='ltr'><em>ll.</em></span> <span class='ocrx_word' id='word_1_179' title='bbox 389 2282 433 2342; x_wconf 91' lang='lat' dir='ltr'><em>De</em></span> <span class='ocrx_word' id='word_1_180' title='bbox 447 2279 579 2342; x_wconf 83' lang='lat' dir='ltr'><em>fallaciis</em></span> <span class='ocrx_word' id='word_1_181' title='bbox 596 2285 681 2342; x_wconf 83' lang='lat' dir='ltr'><em>entra</em></span> <span class='ocrx_word' id='word_1_182' title='bbox 697 2281 872 2353; x_wconf 77' lang='lat' dir='ltr'><em>dictionem.</em></span> 
     </span>
    </p>
   </div>
   <div class='ocr_carea' id='block_1_4' title="bbox 99 2431 1128 3718">
    <p class='ocr_par' dir='ltr' id='par_1_8' title="bbox 99 2431 1116 2596">
     <span class='ocr_line' id='line_1_26' title="bbox 139 2431 1116 2516; baseline 0.002 -19"><span class='ocrx_word' id='word_1_183' title='bbox 139 2436 192 2497; x_wconf 79' lang='lat'><em>92.</em></span> <span class='ocrx_word' id='word_1_184' title='bbox 210 2466 248 2476; x_wconf 88' lang='lat'><em>-</em></span> <span class='ocrx_word' id='word_1_185' title='bbox 262 2431 309 2494; x_wconf 78' lang='lat' dir='ltr'><em>Ex</em></span> <span class='ocrx_word' id='word_1_186' title='bbox 318 2431 456 2497; x_wconf 88' lang='lat' dir='ltr'><em>fallaciis</em></span> <span class='ocrx_word' id='word_1_187' title='bbox 473 2439 563 2497; x_wconf 83' lang='lat' dir='ltr'><em>extra</em></span> <span class='ocrx_word' id='word_1_188' title='bbox 580 2434 770 2510; x_wconf 86' lang='lat' dir='ltr'><em>dictionem,</em></span> <span class='ocrx_word' id='word_1_189' title='bbox 788 2435 891 2498; x_wconf 89' lang='lat' dir='ltr'><em>seuin</em></span> <span class='ocrx_word' id='word_1_190' title='bbox 906 2437 1020 2512; x_wconf 90' lang='lat' dir='ltr'><em>rebus,</em></span> <span class='ocrx_word' id='word_1_191' title='bbox 1037 2454 1116 2516; x_wconf 89' lang='lat' dir='ltr'><em>qua-</em></span> 
     </span>
     <span class='ocr_line' id='line_1_27' title="bbox 99 2514 733 2596; baseline -0.002 -18"><span class='ocrx_word' id='word_1_192' title='bbox 99 2521 178 2578; x_wconf 87' lang='lat' dir='ltr'><em>tuor</em></span> <span class='ocrx_word' id='word_1_193' title='bbox 192 2519 377 2590; x_wconf 84' lang='lat' dir='ltr'><em>sequentes</em></span> <span class='ocrx_word' id='word_1_194' title='bbox 392 2520 469 2578; x_wconf 87' lang='lat' dir='ltr'><em>sunt</em></span> <span class='ocrx_word' id='word_1_195' title='bbox 482 2517 588 2576; x_wconf 86' lang='lat' dir='ltr'><em>relatu</em></span> <span class='ocrx_word' id='word_1_196' title='bbox 612 2514 733 2596; x_wconf 83' lang='lat' dir='ltr'><em>dignae.</em></span> 
     </span>
    </p>

    <p class='ocr_par' dir='ltr' id='par_1_9' title="bbox 101 2593 1123 3135">
     <span class='ocr_line' id='line_1_28' title="bbox 145 2593 1119 2675; baseline 0.003 -18"><span class='ocrx_word' id='word_1_197' title='bbox 145 2598 177 2657; x_wconf 84' lang='lat'><em>1⁰</em></span> <span class='ocrx_word' id='word_1_198' title='bbox 202 2597 366 2670; x_wconf 79' lang='lat' dir='ltr'><em>Ipoorotio</em></span> <span class='ocrx_word' id='word_1_199' title='bbox 382 2596 504 2656; x_wconf 71' lang='lat' dir='ltr'><em>olenti</em></span> <span class='ocrx_word' id='word_1_200' title='bbox 517 2593 569 2675; x_wconf 85' lang='lat' dir='ltr'><em>(ab</em></span> <span class='ocrx_word' id='word_1_201' title='bbox 593 2597 716 2675; x_wconf 62' lang='lat' dir='ltr'><em>stewg,</em></span> <span class='ocrx_word' id='word_1_202' title='bbox 736 2602 969 2674; x_wconf 83' lang='lat' dir='ltr'><em>argumentum</em></span> <span class='ocrx_word' id='word_1_203' title='bbox 983 2613 1045 2660; x_wconf 87' lang='lat' dir='ltr'><em>seu</em></span> <span class='ocrx_word' id='word_1_204' title='bbox 1065 2613 1119 2660; x_wconf 91' lang='lat' dir='ltr'><em>res</em></span> 
     </span>
     <span class='ocr_line' id='line_1_29' title="bbox 101 2671 1120 2754; baseline 0.004 -19"><span class='ocrx_word' id='word_1_205' title='bbox 101 2671 389 2750; x_wconf 82' lang='lat' dir='ltr'><em>demonstranda),</em></span> <span class='ocrx_word' id='word_1_206' title='bbox 401 2690 475 2752; x_wconf 84' lang='lat' dir='ltr'><em>quae</em></span> <span class='ocrx_word' id='word_1_207' title='bbox 488 2679 538 2735; x_wconf 87' lang='lat' dir='ltr'><em>est</em></span> <span class='ocrx_word' id='word_1_208' title='bbox 550 2675 633 2736; x_wconf 90' lang='lat' dir='ltr'><em>illud</em></span> <span class='ocrx_word' id='word_1_209' title='bbox 648 2679 773 2748; x_wconf 91' lang='lat' dir='ltr'><em>vitium,</em></span> <span class='ocrx_word' id='word_1_210' title='bbox 791 2676 885 2754; x_wconf 93' lang='lat' dir='ltr'><em>quod</em></span> <span class='ocrx_word' id='word_1_211' title='bbox 895 2678 977 2738; x_wconf 88' lang='lat' dir='ltr'><em>ineo</em></span> <span class='ocrx_word' id='word_1_212' title='bbox 994 2679 1120 2740; x_wconf 89' lang='lat' dir='ltr'><em>consis-</em></span> 
     </span>
     <span class='ocr_line' id='line_1_30' title="bbox 103 2753 1122 2836; baseline 0.005 -21"><span class='ocrx_word' id='word_1_213' title='bbox 103 2755 143 2816; x_wconf 88' lang='lat' dir='ltr'><em>tit</em></span> <span class='ocrx_word' id='word_1_214' title='bbox 170 2757 209 2813; x_wconf 93' lang='lat' dir='ltr'><em>ut</em></span> <span class='ocrx_word' id='word_1_215' title='bbox 233 2755 306 2831; x_wconf 89' lang='lat' dir='ltr'><em>quis</em></span> <span class='ocrx_word' id='word_1_216' title='bbox 334 2756 464 2816; x_wconf 88' lang='lat' dir='ltr'><em>nesciat</em></span> <span class='ocrx_word' id='word_1_217' title='bbox 493 2758 549 2815; x_wconf 87' lang='lat' dir='ltr'><em>aut</em></span> <span class='ocrx_word' id='word_1_218' title='bbox 574 2753 679 2834; x_wconf 80' lang='lat' dir='ltr'><em>fingat</em></span> <span class='ocrx_word' id='word_1_219' title='bbox 699 2770 736 2816; x_wconf 89' lang='lat' dir='ltr'><em>se</em></span> <span class='ocrx_word' id='word_1_220' title='bbox 764 2759 894 2832; x_wconf 88' lang='lat' dir='ltr'><em>nescire</em></span> <span class='ocrx_word' id='word_1_221' title='bbox 908 2773 981 2816; x_wconf 88' lang='lat' dir='ltr'><em>rem</em></span> <span class='ocrx_word' id='word_1_222' title='bbox 997 2759 1039 2820; x_wconf 92' lang='lat' dir='ltr'><em>de</em></span> <span class='ocrx_word' id='word_1_223' title='bbox 1056 2775 1122 2836; x_wconf 89' lang='lat' dir='ltr'><em>qua</em></span> 
     </span>
     <span class='ocr_line' id='line_1_31' title="bbox 104 2833 1121 2914; baseline 0.002 -17"><span class='ocrx_word' id='word_1_224' title='bbox 104 2833 233 2912; x_wconf 62' lang='lat' dir='ltr'><em>agilum</em></span> <span class='ocrx_word' id='word_1_225' title='bbox 251 2841 290 2894; x_wconf 87' lang='lat' dir='ltr'><em>ac</em></span> <span class='ocrx_word' id='word_1_226' title='bbox 309 2833 451 2911; x_wconf 89' lang='lat' dir='ltr'><em>proinde</em></span> <span class='ocrx_word' id='word_1_227' title='bbox 474 2835 593 2912; x_wconf 86' lang='lat' dir='ltr'><em>probet</em></span> <span class='ocrx_word' id='word_1_228' title='bbox 607 2839 664 2898; x_wconf 90' lang='lat' dir='ltr'><em>aut</em></span> <span class='ocrx_word' id='word_1_229' title='bbox 680 2834 857 2914; x_wconf 83' lang='lat' dir='ltr'><em>impugnet</em></span> <span class='ocrx_word' id='word_1_230' title='bbox 881 2838 971 2900; x_wconf 89' lang='lat' dir='ltr'><em>aliud</em></span> <span class='ocrx_word' id='word_1_231' title='bbox 987 2841 1121 2899; x_wconf 91' lang='lat' dir='ltr'><em>omnino</em></span> 
     </span>
     <span class='ocr_line' id='line_1_32' title="bbox 105 2912 1123 2997; baseline 0.007 -23"><span class='ocrx_word' id='word_1_232' title='bbox 105 2929 208 2992; x_wconf 90' lang='lat' dir='ltr'><em>quam</em></span> <span class='ocrx_word' id='word_1_233' title='bbox 222 2912 257 2973; x_wconf 93' lang='lat' dir='ltr'><em>id</em></span> <span class='ocrx_word' id='word_1_234' title='bbox 275 2912 364 2990; x_wconf 92' lang='lat' dir='ltr'><em>quod</em></span> <span class='ocrx_word' id='word_1_235' title='bbox 378 2913 413 2974; x_wconf 90' lang='lat' dir='ltr'><em>in</em></span> <span class='ocrx_word' id='word_1_236' title='bbox 443 2915 668 2992; x_wconf 87' lang='lat' dir='ltr'><em>disputatione</em></span> <span class='ocrx_word' id='word_1_237' title='bbox 693 2921 787 2977; x_wconf 90' lang='lat' dir='ltr'><em>erat:</em></span> <span class='ocrx_word' id='word_1_238' title='bbox 805 2935 867 2994; x_wconf 90' lang='lat' dir='ltr'><em>per</em></span> <span class='ocrx_word' id='word_1_239' title='bbox 880 2919 943 2979; x_wconf 92' lang='lat' dir='ltr'><em>hoc</em></span> <span class='ocrx_word' id='word_1_240' title='bbox 966 2925 1045 2997; x_wconf 84' lang='lat' dir='ltr'><em>&#39;ergo</em></span> <span class='ocrx_word' id='word_1_241' title='bbox 1067 2936 1123 2980; x_wconf 91' lang='lat' dir='ltr'><em>so-</em></span> 
     </span>
     <span class='ocr_line' id='line_1_33' title="bbox 103 2993 1123 3134; baseline 0.006 -80"><span class='ocrx_word' id='word_1_242' title='bbox 103 2993 237 3134; x_wconf 42' lang='lat' dir='ltr'><em>phisnija</em></span> <span class='ocrx_word' id='word_1_243' title='bbox 261 2993 350 3055; x_wconf 89' lang='lat' dir='ltr'><em>aliud</em></span> <span class='ocrx_word' id='word_1_244' title='bbox 375 2995 536 3056; x_wconf 89' lang='lat' dir='ltr'><em>evincitur</em></span> <span class='ocrx_word' id='word_1_245' title='bbox 551 3011 650 3076; x_wconf 88' lang='lat' dir='ltr'><em>quam</em></span> <span class='ocrx_word' id='word_1_246' title='bbox 665 2995 707 3056; x_wconf 89' lang='lat' dir='ltr'><em>sit</em></span> <span class='ocrx_word' id='word_1_247' title='bbox 731 2994 767 3057; x_wconf 92' lang='lat' dir='ltr'><em>id</em></span> <span class='ocrx_word' id='word_1_248' title='bbox 782 2996 873 3074; x_wconf 93' lang='lat' dir='ltr'><em>quod</em></span> <span class='ocrx_word' id='word_1_249' title='bbox 888 2999 921 3060; x_wconf 91' lang='lat' dir='ltr'><em>in</em></span> <span class='ocrx_word' id='word_1_250' title='bbox 938 2999 1123 3077; x_wconf 87' lang='lat' dir='ltr'><em>quaestione</em></span> 
     </span>
     <span class='ocr_line' id='line_1_34' title="bbox 104 3077 314 3135; baseline -0.014 0"><span class='ocrx_word' id='word_1_251' title='bbox 104 3089 205 3135; x_wconf 83' lang='lat' dir='ltr'><em>versa</em></span> <span class='ocrx_word' id='word_1_252' title='bbox 229 3077 314 3134; x_wconf 87' lang='lat' dir='ltr'><em>atur.</em></span> 
     </span>
    </p>

    <p class='ocr_par' dir='ltr' id='par_1_10' title="bbox 104 3153 1127 3551">
     <span class='ocr_line' id='line_1_35' title="bbox 147 3153 1125 3236; baseline 0.003 -22"><span class='ocrx_word' id='word_1_253' title='bbox 147 3155 182 3214; x_wconf 79' lang='lat'><em>2⁰</em></span> <span class='ocrx_word' id='word_1_254' title='bbox 205 3153 321 3234; x_wconf 80' lang='lat' dir='ltr'><em>Petilio</em></span> <span class='ocrx_word' id='word_1_255' title='bbox 348 3155 517 3231; x_wconf 82' lang='lat' dir='ltr'><em>principii,</em></span> <span class='ocrx_word' id='word_1_256' title='bbox 546 3170 620 3232; x_wconf 89' lang='lat' dir='ltr'><em>quae</em></span> <span class='ocrx_word' id='word_1_257' title='bbox 644 3155 791 3216; x_wconf 89' lang='lat' dir='ltr'><em>habetur</em></span> <span class='ocrx_word' id='word_1_258' title='bbox 813 3156 946 3236; x_wconf 90' lang='lat' dir='ltr'><em>quando</em></span> <span class='ocrx_word' id='word_1_259' title='bbox 970 3157 1006 3219; x_wconf 93' lang='lat' dir='ltr'><em>id</em></span> <span class='ocrx_word' id='word_1_260' title='bbox 1035 3156 1125 3235; x_wconf 89' lang='lat' dir='ltr'><em>quod</em></span> 
     </span>
     <span class='ocr_line' id='line_1_36' title="bbox 104 3231 1124 3321; baseline 0.007 -28"><span class='ocrx_word' id='word_1_261' title='bbox 104 3231 322 3314; x_wconf 81' lang='lat' dir='ltr'><em>probandum</em></span> <span class='ocrx_word' id='word_1_262' title='bbox 348 3239 427 3321; x_wconf 71' lang='lat' dir='ltr'><em>erat,</em></span> <span class='ocrx_word' id='word_1_263' title='bbox 453 3250 512 3312; x_wconf 88' lang='lat' dir='ltr'><em>pro</em></span> <span class='ocrx_word' id='word_1_264' title='bbox 534 3234 826 3299; x_wconf 88' lang='lat' dir='ltr'><em>demonstrationis</em></span> <span class='ocrx_word' id='word_1_265' title='bbox 844 3237 947 3316; x_wconf 90' lang='lat' dir='ltr'><em>ipsius</em></span> <span class='ocrx_word' id='word_1_266' title='bbox 964 3239 1124 3318; x_wconf 88' lang='lat' dir='ltr'><em>principio</em></span> 
     </span>
     <span class='ocr_line' id='line_1_37' title="bbox 107 3313 1127 3393; baseline 0.005 -19"><span class='ocrx_word' id='word_1_267' title='bbox 107 3314 303 3386; x_wconf 88' lang='lat' dir='ltr'><em>assumitur;</em></span> <span class='ocrx_word' id='word_1_268' title='bbox 334 3317 372 3373; x_wconf 92' lang='lat' dir='ltr'><em>ut</em></span> <span class='ocrx_word' id='word_1_269' title='bbox 399 3314 427 3381; x_wconf 85' lang='lat' dir='ltr'><em>si</em></span> <span class='ocrx_word' id='word_1_270' title='bbox 462 3313 536 3391; x_wconf 91' lang='lat' dir='ltr'><em>quis</em></span> <span class='ocrx_word' id='word_1_271' title='bbox 562 3330 720 3393; x_wconf 87' lang='lat' dir='ltr'><em>quaerens</em></span> <span class='ocrx_word' id='word_1_272' title='bbox 746 3322 859 3378; x_wconf 88' lang='lat' dir='ltr'><em>utrum</em></span> <span class='ocrx_word' id='word_1_273' title='bbox 886 3319 937 3380; x_wconf 93' lang='lat' dir='ltr'><em>sol</em></span> <span class='ocrx_word' id='word_1_274' title='bbox 962 3319 1017 3381; x_wconf 87' lang='lat' dir='ltr'><em>vel</em></span> <span class='ocrx_word' id='word_1_275' title='bbox 1038 3325 1127 3380; x_wconf 88' lang='lat' dir='ltr'><em>terra</em></span> 
     </span>
     <span class='ocr_line' id='line_1_38' title="bbox 106 3393 1127 3474; baseline 0.006 -20"><span class='ocrx_word' id='word_1_276' title='bbox 106 3397 293 3468; x_wconf 88' lang='lat' dir='ltr'><em>moveatur,</em></span> <span class='ocrx_word' id='word_1_277' title='bbox 310 3393 359 3454; x_wconf 90' lang='lat' dir='ltr'><em>sic</em></span> <span class='ocrx_word' id='word_1_278' title='bbox 382 3394 658 3458; x_wconf 85' lang='lat' dir='ltr'><em>ratiocinaretur:</em></span> <span class='ocrx_word' id='word_1_279' title='bbox 679 3399 780 3458; x_wconf 87' lang='lat' dir='ltr'><em>Terra</em></span> <span class='ocrx_word' id='word_1_280' title='bbox 809 3414 929 3474; x_wconf 88' lang='lat' dir='ltr'><em>reapse</em></span> <span class='ocrx_word' id='word_1_281' title='bbox 951 3399 1127 3462; x_wconf 88' lang='lat' dir='ltr'><em>immobilis</em></span> 
     </span>
     <span class='ocr_line' id='line_1_39' title="bbox 109 3474 522 3551; baseline -0.002 -17"><span class='ocrx_word' id='word_1_282' title='bbox 109 3478 180 3546; x_wconf 81' lang='lat' dir='ltr'><em>est3</em></span> <span class='ocrx_word' id='word_1_283' title='bbox 198 3488 279 3551; x_wconf 82' lang='lat' dir='ltr'><em>ergo</em></span> <span class='ocrx_word' id='word_1_284' title='bbox 295 3474 346 3536; x_wconf 92' lang='lat' dir='ltr'><em>sol</em></span> <span class='ocrx_word' id='word_1_285' title='bbox 360 3479 522 3537; x_wconf 87' lang='lat' dir='ltr'><em>movetur.</em></span> 
     </span>
    </p>

    <p class='ocr_par' dir='ltr' id='par_1_11' title="bbox 110 3551 1128 3718">
     <span class='ocr_line' id='line_1_40' title="bbox 150 3551 1127 3633; baseline 0.007 -20"><span class='ocrx_word' id='word_1_286' title='bbox 150 3551 203 3614; x_wconf 86' lang='lat' dir='ltr'><em>Ad</em></span> <span class='ocrx_word' id='word_1_287' title='bbox 213 3552 409 3630; x_wconf 88' lang='lat' dir='ltr'><em>petitionem</em></span> <span class='ocrx_word' id='word_1_288' title='bbox 422 3554 585 3632; x_wconf 87' lang='lat' dir='ltr'><em>principii,</em></span> <span class='ocrx_word' id='word_1_289' title='bbox 602 3559 714 3633; x_wconf 89' lang='lat' dir='ltr'><em>potest</em></span> <span class='ocrx_word' id='word_1_290' title='bbox 727 3560 875 3620; x_wconf 86' lang='lat' dir='ltr'><em>revocari</em></span> <span class='ocrx_word' id='word_1_291' title='bbox 885 3560 1127 3621; x_wconf 81' lang='lat' dir='ltr'><em>circuiusoiiio-</em></span> 
     </span>
     <span class='ocr_line' id='line_1_41' title="bbox 110 3631 1128 3718; baseline 0.004 -23"><span class='ocrx_word' id='word_1_292' title='bbox 110 3637 177 3707; x_wconf 74' lang='lat' dir='ltr'><em>stis,</em></span> <span class='ocrx_word' id='word_1_293' title='bbox 189 3633 225 3694; x_wconf 93' lang='lat' dir='ltr'><em>in</em></span> <span class='ocrx_word' id='word_1_294' title='bbox 236 3649 337 3711; x_wconf 90' lang='lat' dir='ltr'><em>quem</em></span> <span class='ocrx_word' id='word_1_295' title='bbox 347 3631 454 3697; x_wconf 86' lang='lat' dir='ltr'><em>facilis</em></span> <span class='ocrx_word' id='word_1_296' title='bbox 467 3637 640 3714; x_wconf 86' lang='lat' dir='ltr'><em>estlapsus</em></span> <span class='ocrx_word' id='word_1_297' title='bbox 653 3637 857 3713; x_wconf 88' lang='lat' dir='ltr'><em>expetitione</em></span> <span class='ocrx_word' id='word_1_298' title='bbox 868 3641 1030 3718; x_wconf 85' lang='lat' dir='ltr'><em>principii.</em></span> <span class='ocrx_word' id='word_1_299' title='bbox 1044 3639 1128 3701; x_wconf 91' lang='lat' dir='ltr'><em>lllud</em></span> 
     </span>
    </p>
   </div>
   <div class='ocr_carea' id='block_1_5' title="bbox 0 0 1355 4242">
    <p class='ocr_par' dir='ltr' id='par_1_12' title="bbox 0 0 1355 4242">
     <span class='ocr_line' id='line_1_42' title="bbox 0 0 1355 4242; baseline 0 0"><span class='ocrx_word' id='word_1_300' title='bbox 0 0 1355 4242; x_wconf 95' lang='lat' dir='ltr'><em> </em></span> 
     </span>
    </p>
   </div>
  </div>
 </body>
</html>
