2650 4242
461 243 541 305 82
1086 259 1445 302 ssnssvmamn
1486 258 1889 303 PHILOSOPHIAE

545 373 667 450 Qui
710 371 947 434 thesim
973 372 1276 447 defendit,
1324 372 1527 434 debet
1560 391 1573 432 :

550 459 607 516 1υ
634 456 872 515 Totum
917 459 1382 531 argumentum
1413 451 1769 514 adversarii
1810 451 2094 515 fideliter
2121 461 2423 530 repetere
2465 500 2476 511 .

545 537 607 596 2³
647 531 1111 611 Regrediendo
1171 537 1406 610 postea
1447 530 1533 593 ad
1576 535 1950 610 argumenti
1996 533 2281 605 initium,
2325 533 2481 612 judi-

469 615 641 676 cium
705 611 879 674 ferre
927 614 1099 673 circa
1161 618 1365 674 totum
1432 614 1847 674 ratiocinium
1920 614 2200 693 ejusque
2272 619 2481 689 partes

466 693 663 756 modo
696 693 1003 770 sequenti
1032 712 1045 752 :

547 775 610 834 Si
651 770 860 833 forma
903 775 1084 832 recta
1126 785 1262 832 non
1292 776 1414 844 est,
1441 771 1987 849 consequentiam
2013 775 2230 834 statim
2261 783 2478 852 neget,

469 853 554 916 de
602 852 964 929 praemissis
1005 865 1140 912 non
1174 849 1521 930 judicans;
1557 850 1612 910 si
1656 851 1860 913 forma
1910 853 1991 912 sit
2035 858 2236 926 recta,
2295 851 2483 914 debet

468 931 843 1013 singillatim
885 945 1119 991 omnes
1161 939 1393 1008 partes
1426 930 1774 1010 diligenter
1801 933 2246 1009 perpendere.

550 1016 622 1074 ln
649 1012 771 1072 hac
813 1009 1108 1071 secunda
1133 1010 1506 1090 hypothesi,
1543 1012 1761 1089 quoad
1791 1012 2085 1091 singulas
2105 1011 2483 1089 propositio-

465 1109 611 1165 neS‚
645 1093 947 1152 concedat
973 1107 1222 1162 veram,
1244 1095 1427 1167 πει-ρει
1454 1089 1709 1167 falsam,
1758 1091 1916 1170 quin
1947 1101 2166 1152 tamen
2196 1094 2480 1170 negatio-

465 1175 568 1234 nis
611 1172 930 1232 rationem
957 1168 1178 1231 addat.

550 1252 614 1312 Si
663 1248 972 1327 quaedam
1015 1252 1435 1326 reperiuntur
1479 1253 1965 1327 propositiones
2015 1266 2166 1329 quae
2216 1250 2305 1312 ad
2353 1267 2480 1310 rem

469 1347 614 1393 non
653 1328 920 1399 faciunt,
952 1331 1348 1390 transmittat
1391 1346 1513 1391 seu
1543 1332 1900 1405 permittat.

551 1412 615 1472 Si
641 1409 996 1487 propositio
1029 1412 1112 1470 sit
1153 1408 1486 1486 ambigua,
1533 1425 1673 1469 eam
1702 1412 2075 1486 dz'stinyuat,
2114 1407 2483 1472 concedens

469 1506 741 1552 sensum
781 1505 1010 1551 verum
1056 1496 1120 1550 et
1160 1505 1417 1567 negans
1443 1489 1707 1550 falsum.

550 1571 817 1630 Peracta
857 1569 980 1628 hac
1034 1571 1244 1646 prima
1319 1567 1754 1642 distinctione,
1814 1568 2081 1648 quando
2148 1575 2485 1630 remanent

469 1650 767 1711 membra
824 1651 1188 1727 aequivoca,
1244 1647 1602 1726 flexiloqua
1638 1665 1762 1710 seu
1808 1650 2141 1728 ambigua,
2188 1649 2486 1709 adhibeat

467 1731 1076 1798 subdistinctionem,
1109 1743 1237 1807 qua
1272 1729 1506 1790 clarius
1573 1729 2012 1790 declarabitur
2057 1745 2297 1790 sen-sus
2340 1744 2480 1805 pro-

467 1810 808 1887 positionis
841 1828 854 1868 :
893 1807 1135 1869 deinde
1179 1805 1475 1870 admittat
1504 1809 1610 1870 vel
1636 1809 1888 1887 rejiciat
1911 1809 2163 1871 diversa
2198 1809 2486 1868 membra

469 1888 1049 1950 subdistinctionis,
1923 1914 1926 1915 ⁷

554 1969 689 2030 128.
744 2001 812 2010 ——
846 1966 1076 2042 Quoad
1116 1983 1359 2028 munus
1389 1971 1740 2043 affluentis,
1789 1967 1991 2028 debet
2015 1968 2103 2028 ita
2136 1983 2480 2047 argumen-

473 2053 614 2110 tum
642 2063 1012 2124 proponere
1042 2053 1114 2108 ut
1144 2047 1288 2126 eius
1334 2047 1667 2109 conclusio
1712 2048 1793 2109 sit
1820 2050 2176 2125 propositae
2226 2047 2482 2108 theseos

476 2125 998 2190 contradictoria.

553 2209 951 2286 Arg-umento
984 2205 1194 2266 semel
1241 2209 1600 2282 proposito,
1654 2205 1741 2266 ad
1772 2204 2189 2268 defendentis
2216 2219 2483 2282 respon-

477 2288 733 2348 sionem
779 2285 982 2346 debet
1010 2285 1376 2347 attendere.

557 2368 620 2428 Si
651 2381 1068 2443 consequens
1111 2371 1222 2426 aut
1269 2367 1489 2443 aliqua
1528 2368 1868 2443 praemissa
1912 2371 2295 2445 negaretur,
2356 2380 2488 2425 eam

473 2446 758 2524 probare
791 2444 1010 2507 debet.
1966 2497 1970 2502 .

556 2526 620 2586 Si
677 2522 1047 2586 defendens
1096 2524 1383 2602 aliquam
1430 2523 1741 2587 adhibeat
1790 2524 2295 2598 distinctionem,
2346 2529 2487 2586 tunc

476 2607 685 2673 statim
716 2606 1060 2665 instaurari
1081 2609 1341 2682 oportet
1359 2619 1607 2665 novum
1636 2610 2097 2682 argumentum
2128 2606 2265 2665 sive

561 2688 618 2746 1⁰
649 2683 1104 2822 Impugnando
1136 2686 1349 2760 ipsam
1393 2684 1877 2746 distinctionem
1910 2685 2013 2745 cui
2043 2699 2177 2745 non
2217 2687 2393 2745 esset
2406 2680 2486 2740 lo-

480 2780 626 2836 cus;
671 2780 752 2825 ve

555 2845 618 2905 2⁰
662 2841 1116 2920 Impugnando
1152 2839 1584 2903 distinctionis
1626 2843 2167 2921 applicationem;
2217 2845 2322 2904 vel

557 2926 621 2986 3⁰
645 2921 990 2983 Probando
1024 2937 1447 3000 consequens
1478 2939 1562 2983 ex
1592 2939 1671 2984 ea
1712 2929 1899 3001 parte
1931 2940 2130 3002 quam
2180 2921 2490 2985 concessit

477 3003 911 3066 adversarius,

555 3081 970 3146 Antecedens
997 3079 1194 3158 hujus
1225 3084 1595 3161 argumenti
1636 3082 1815 3160 quod
1858 3082 2127 3144 affertur
2171 3087 2324 3160 post
2367 3094 2487 3141 res-

476 3162 870 3241 ponsionem
900 3158 1341 3236 defendentis,
1378 3161 1611 3224 dicitur
1636 3167 1855 3224 minor
1892 3163 2292 3239 subsumpta.

566 3244 736 3304 'ralis
791 3245 891 3302 est
949 3241 1294 3302 methodus
1360 3258 1501 3319 quae
1562 3244 1770 3321 viguit
1815 3241 1991 3319 apud
2042 3241 2488 3304 celeberrimas

479 3323 734 3384 scholas
765 3320 1004 3383 mediae
1047 3322 1281 3396 aetatiS,
1315 3325 1515 3399 atque
1550 3323 1743 3384 etiam
1772 3339 1951 3384 nunc
1970 3324 2153 3401 viget
2178 3324 2246 3384 in
2266 3319 2488 3382 scholis

475 3401 782 3465 Romanis
833 3416 981 3461 cum
1027 3402 1312 3462 maxima
1359 3403 1636 3463 utilitate
1684 3403 2098 3464 discentium.
2153 3400 2489 3478 Expediret

477 3499 638 3562 ergo
687 3485 762 3542 ut
807 3479 987 3557 apud
1035 3496 1158 3541 nos
1203 3482 1270 3541 in
1322 3482 1628 3543 omnibus
1684 3483 1923 3543 scholis
1974 3481 2395 3560 philosophiae
2433 3481 2489 3538 et

339 3557 360 3575 ⁸
477 3563 819 3641 theologiae
830 3561 1307 3621 instauraretur
1325 3561 1461 3622 haec
1481 3565 1645 3624 ratio
1668 3562 2046 3640 disputandi
2060 3560 2201 3641 quie
2211 3564 2488 3624 mentem

475 3643 649 3706 acuit
678 3641 1156 3720 veritatemque
1180 3639 1655 3704 distinctiorem
1672 3641 1914 3705 reddit.
