2650 4242
313 283 510 329 unrnenrsrca
533 287 617 338 osu,
639 282 694 329 ssu
718 284 898 329 ourouoou.
1054 268 1113 329 217

93 394 211 472 refert,
226 414 290 458 nea
305 396 394 458 aliud
408 414 528 459 munus
544 404 678 459 exercet
694 418 701 457 :
716 404 917 477 quapropter
931 398 1116 473 completur

95 492 156 554 per
177 478 283 553 ipsam
299 479 507 539 existentiam
523 477 677 547 termini„

139 556 446 627 ltanscendentalis
477 573 546 633 quae
566 558 690 618 scilieet
717 558 881 634 reperitur
906 559 939 618 in
970 557 1117 618 omnibns

93 634 368 712 predicamentis,
387 642 437 696 est
447 637 518 711 ipsa
532 652 587 698 res
601 636 751 698 absoluta
776 639 810 699 in
838 652 886 707 se,
916 635 976 697 sed
1006 640 1117 697 tamen

93 714 230 776 realiter
245 720 301 776 aut
316 714 441 776 ratione
466 720 591 776 tautum
607 715 755 777 ordinata
769 717 811 777 ad
827 716 918 776 alias.
935 716 1006 777 Non
1022 732 1117 776 eom-

94 796 207 871 pletur
221 812 281 871 per
294 794 539 856 coexistentiam
556 796 695 868 termini,
712 812 771 855 seu
784 812 845 871 per
858 794 981 871 aliquid
997 794 1116 855 extrin-

95 890 213 935 secum
230 892 238 932 :
254 890 285 935 v.
301 890 334 951 g.
354 875 575 935 denominatio
591 874 721 953 agentis
738 879 788 935 est
813 875 926 935 relatio
942 882 1114 936 transcen·

95 954 252 1022 dentalia,
282 954 359 1030 quia
386 958 451 1013 tota
473 956 625 1029 provenit
650 971 667 1015 a
696 956 767 1015 sola
793 953 935 1025 aetione,
960 958 993 1014 et
1024 953 1114 1016 nullo

93 1032 197 1095 modo
213 1049 232 1093 a
247 1033 397 1093 termina.
415 1033 508 1093 Unde
525 1050 578 1093 ens
592 1050 686 1093 omne
700 1038 810 1110 potest
822 1033 937 1095 haberi
951 1037 988 1093 ut
1002 1034 1114 1113 hujus·
1220 1046 1222 1051 ’

94 1112 189 1173 modi
208 1112 336 1172 relatio.
358 1110 556 1174 ndcenum'
572 1112 707 1189 aliquod
730 1111 1019 1189 predicamentum
1047 1128 1115 1175 non

94 1192 253 1268 pertinet,
269 1190 330 1252 sed
342 1197 393 1252 est
403 1192 561 1254 habitudo
577 1208 655 1253 vera
672 1198 705 1253 et
713 1193 811 1269 realis
825 1192 869 1253 ad
880 1194 988 1254 omnia
1008 1208 1113 1270 gene·

93 1288 131 1332 ra
148 1273 284 1333 entium.

136 1349 188 1411 Ad
230 1353 313 1411 itanc
339 1350 534 1413 divisionem
559 1349 637 1411 addi
664 1355 773 1426 potest
800 1348 889 1410 aliud
915 1350 1114 1423 membrum,

96 1445 220 1506 nempe
242 1431 419 1492 relationes
434 1431 560 1502 divine,
576 1447 647 1509 quae
667 1433 744 1489 sunt
762 1431 955 1505 paterniter,
984 1430 1115 1505 filiatio,

95 1511 236 1585 spiratio
257 1513 363 1571 aetion
379 1513 563 1585 etpassiaa,
580 1510 699 1587 quibus
714 1524 862 1586 persona
876 1507 1002 1575 ,divina
1019 1524 1114 1570 oons-

97 1591 271 1660 tituuntur,
289 1588 330 1649 de
352 1590 471 1667 quibus
496 1589 734 1669 theologorum,
749 1604 816 1649 non
831 1588 1115 1665 philosophorum,

100 1672 278 1746 estagere.

140 1748 191 1808 tlt.
227 1748 351 1809 Relatio
375 1748 473 1808 realis
502 1747 601 1809 dividi
614 1751 730 1824 potest
757 1748 790 1808 in
817 1750 966 1807 mutuam
987 1752 1020 1809 et
1047 1758 1116 1807 non

99 1833 263 1888 mutuam.
894 1887 896 1891 ,

138 1907 263 1968 Dicitur
271 1912 396 1979 melna,
414 1906 547 1982 quando
564 1909 613 1965 est
626 1906 724 1966 realis
734 1908 767 1967 in
782 1909 924 1982 utroque
940 1906 1056 1975 relata,
1081 1922 1111 1967 v.

99 2002 133 2066 g.
149 1987 266 2048 relatio
277 1987 363 2046 inter
377 1991 505 2063 patrem
520 1990 554 2046 et
567 1984 680 2047 filium.

139 2067 263 2127 Relatio
279 2072 467 2127 nonmntna
488 2072 538 2127 est
558 2066 655 2126 realis
670 2068 702 2126 in
732 2064 834 2123 altero
862 2064 1052 2135 relatorum,
1082 2064 1115 2125 in

98 2145 204 2207 altero
220 2150 330 2206 autem
346 2146 468 2224 logiam
484 2162 514 2205 v.
538 2161 587 2222 gr.
605 2146 719 2207 relatio
733 2144 822 2204 inter
836 2144 942 2203 Deum
967 2148 999 2203 et
1026 2160 1115 2205 orea-

99 2229 190 2286 turas
208 2230 345 2285 :natura
361 2231 515 2285 creaturae
531 2230 580 2285 est
593 2230 630 2285 ut
650 2241 687 2285 se
702 2222 824 2284 referat
838 2221 881 2283 ad
901 2224 1019 2291 Deum,
1037 2222 1116 2283 dum

97 2310 216 2365 natura
232 2303 340 2365 divina
351 2318 417 2363 non
433 2320 468 2363 se
484 2301 587 2364 refert
607 2304 650 2364 ad
667 2309 860 2364 ereaturam.
892 2304 971 2362 item
1000 2302 1114 2364 relatio

98 2400 160 2462 qua
178 2383 314 2445 seientia
335 2380 476 2445 refertur
491 2382 533 2444 ad
547 2384 673 2452 scibile,
691 2387 816 2443 estnon
830 2386 955 2441 mutua.

138 2464 265 2525 Relatio
281 2467 393 2523 mutua
408 2468 520 2540 potest
540 2479 614 2523 esse
634 2464 779 2538 ejusdem
806 2460 1034 2536 appellationis
1060 2465 1118 2521 aut

97 2543 327 2618 appellationis
357 2546 499 2612 (liversis,
513 2541 645 2619 quando
674 2540 895 2602 denominatio
916 2542 948 2600 in
973 2544 1115 2616 utroque

97 2623 203 2685 relato
219 2628 268 2683 est
290 2620 408 2683 eadem
422 2620 628 2683 autdiversa.
641 2622 699 2681 Rx.
717 2638 724 2679 :
740 2620 855 2680 relatio
872 2618 973 2695 patris
992 2617 1113 2696 (pater-

97 2700 196 2777 nitas)
222 2700 318 2763 etfilii
332 2700 465 2780 (filiatio)
493 2706 544 2763 est
571 2700 800 2779 appellationis
829 2698 976 2768 diversae;
999 2698 1115 2761 relatio

98 2779 320 2841 similitudinis
351 2784 435 2841 inter
464 2781 547 2843 duos
577 2781 721 2858 parietes
752 2779 846 2841 albos
875 2782 925 2838 est
962 2776 1114 2856 eJ'usdem

98 2860 339 2936 appellationis.

141 2940 190 3000 tv.
221 2939 343 3001 Relatio
360 2941 458 2999 etiam
488 2938 641 3001 dividitur
667 2937 701 2995 in
725 2938 920 2998 relationem
941 2938 1115 2997 secandam

97 3019 173 3089 dici,
191 3022 224 3079 et
245 3020 279 3077 in
300 3018 494 3079 relationem
505 3021 681 3078 secandam
696 3034 771 3078 esse.

139 3097 271 3167 Relatio,
280 3099 454 3157 secandam
468 3099 535 3158 dici
542 3114 604 3158 seu
631 3096 817 3157 secundum
845 3093 947 3155 saturn
970 3094 1115 3153 ordinem

93 3180 339 3252 praedicationis
355 3175 480 3237 definiri
496 3178 581 3237 solet
597 3196 604 3236 :
621 3193 673 3236 res
687 3193 758 3252 que
770 3175 889 3235 dicitnr
903 3189 963 3248 per
976 3171 1114 3233 modum

97 3261 283 3332 respectus,
309 3271 381 3325 aum
410 3259 444 3317 in
473 3274 508 3318 re
537 3257 606 3333 ipsa
621 3272 737 3317 verum
755 3258 945 3330 respectum
963 3268 1030 3313 non
1054 3252 1113 3310 lia-

96 3335 186 3397 beat.
209 3336 276 3396 lstae
303 3336 479 3397 relationes
508 3350 575 3396 non
590 3336 652 3395 alia
668 3334 710 3395 de
727 3348 824 3395 eausa
841 3334 886 3392 sio
908 3332 1115 3409 appellantur

97 3415 160 3475 nisi
171 3416 247 3491 quia
263 3416 386 3476 anobis
400 3418 444 3475 ita
457 3415 609 3476 dicuntur
624 3419 657 3474 et
667 3414 883 3490 explicantur,
896 3427 933 3473 aa
949 3415 976 3472 sl
986 3410 1115 3471 relatio-

96 3510 159 3555 nes
176 3497 299 3566 essent
324 3510 398 3555 oum
420 3500 528 3554 tauron
551 3511 620 3554 non
635 3498 727 3565 sunt;
748 3510 778 3553 v.
805 3508 854 3569 gr.
877 3489 1115 3566 omnipotentia

99 3572 218 3648 divina,
246 3589 315 3650 quae
334 3575 427 3651 juxta
461 3572 764 3634 denominationem
787 3569 864 3631 dicit
891 3569 1041 3631 ordinem
1070 3567 1111 3627 ad

98 3669 202 3730 opera
216 3657 362 3728 externa,
375 3654 453 3714 licet
467 3668 582 3715 revera
596 3652 637 3713 sit
650 3654 720 3730 ipsa
738 3652 881 3713 essentia
895 3650 1002 3712 divina
1013 3648 1047 3708 in
1061 3662 1110 3707 se.
