2650 4242
518 262 630 322 1:22
1120 276 1481 323 nnnvmmuu
1522 275 1926 320 PfflLOSOPfflAE

1347 460 1598 524 CAPUT
1640 461 1688 523 Ι.

1161 641 1238 684 ΒΕ
1278 641 1429 684 ΕΝΤΕ
1472 641 1533 684 IN
1577 638 1867 684 connum.

590 785 736 849 265,
778 818 855 828 -
897 783 963 843 ln
994 783 1119 843 hoc
1166 784 1401 859 capite,
1455 780 2017 844 considerabimus
2071 784 2234 858 quid
2284 785 2362 846 sit
2401 803 2504 857 ens,

510 882 634 926 anu
674 862 1007 943 quomodo
1038 883 1076 923 a
1105 863 1294 923 nobis
1327 862 1583 938 concipi
1620 863 1845 938 possit.
1902 864 2222 924 Praeterea
2253 880 2507 942 agemus

514 946 598 1006 ile
630 962 705 1006 eo
739 941 919 1020 quod
947 943 1149 1020 primo
1180 943 1258 1002 de
1305 946 1460 1002 ente
1493 942 1874 1018 concipitur,
1948 959 2070 1003 seu
2113 942 2199 1004 de
2230 949 2496 1006 essentia.

506 1023 801 1086 'Tandem
842 1023 1069 1083 ultimo
1099 1023 1270 1092 locO,
1305 1021 1705 1082 disseremus
1737 1021 1820 1083 de
1853 1021 2094 1097 duplici
2124 1028 2303 1085 statu.
2332 1028 2498 1100 entis,

510 1108 815 1168 nimirum
846 1102 929 1163 de
962 1104 1301 1162 existentia
1334 1106 1400 1161 et
1420 1102 1828 1176 pos-stoicam
1859 1118 2006 1161 cum
2050 1104 2225 1165 enim
2258 1119 2374 1164 ens
2401 1107 2496 1166 ali—

510 1201 708 1262 quam
754 1183 1123 1244 realitatem
1175 1180 1283 1243 vel
1339 1185 1491 1242 actu
1545 1181 1788 1242 habeat
1841 1183 1946 1242 vel
2001 1184 2237 1243 saltem
2279 1183 2500 1245 habere

510 1265 731 1342 inlesit,
775 1262 848 1324 fit
888 1266 961 1322 ut
989 1262 1199 1338 prima
1244 1262 1412 1322 entis
1441 1260 1684 1340 ¹divisio
1717 1276 1791 1321 ea
1825 1262 1908 1322 sit
1951 1278 2080 1340 qua
2124 1265 2398 1341 partitur
2444 1267 2498 1325 in

506 1362 630 1406 mis
668 1345 733 1404 in
767 1349 913 1404 actu
944 1346 1010 1402 et
1042 1357 1159 1402 ens
1186 1341 1252 1400 in
1273 1343 1587 1416 potentia.

586 1424 784 1502 Igitur
811 1422 1095 1498 primum
1125 1425 1322 1496 caput
1350 1421 1418 1479 in
1463 1425 1594 1480 tres
1637 1420 1946 1481 articulos
1990 1419 2446 1483 distribuemus
2483 1446 2493 1483 :

506 1504 815 1566 articulus
843 1502 1091 1578 primus
1137 1504 1369 1560 tractat
1409 1498 1492 1559 de
1551 1502 1879 1576 conceptu
1921 1501 2122 1573 entis;
2157 1503 2493 1579 secunduS,

506 1586 590 1642 ilc
638 1582 948 1656 essentia;
984 1581 1235 1652 tertius,
1270 1578 1355 1640 de
1387 1579 1732 1640 existentia
1761 1586 1828 1640 et
1856 1580 2315 1656 possibilitate.

1156 1770 1160 1773 ·
1241 1738 1672 1802 ARTICULUS
1716 1740 1763 1804 1.

1125 1876 1219 1932 De
1247 1878 1550 1949 conceptu
1576 1875 1735 1935 entis
1759 1872 1891 1952 (a).

1297 2013 1340 2061 Ι.
1373 2010 1505 2072 Quid
1531 2009 1598 2061 sit
1624 2011 1743 2061 ens?

570 2155 712 2218 256.
760 2187 835 2196 --
867 2153 911 2212 I.
935 2153 1111 2213 Entis
1141 2154 1501 2225 conceptus
1539 2149 1626 2209 ita
1658 2157 1756 2210 est
1785 2149 1998 2210 clarus·
2025 2152 2100 2209 ut
2130 2149 2489 2214 definitione
2586 2184 2587 2189 κ

490 2254 626 2298 „nn
647 2238 864 2312 egeat,
894 2238 959 2293 et
987 2234 1076 2293 ita
1096 2229 1376 2308 simplex
1405 2236 1470 2291 et
1500 2230 1889 2304 abstractuS‚
1936 2234 2010 2290 ut
2042 2232 2301 2308 proprie
2340 2231 2484 2293 defi-

494 2318 614 2378 niri
646 2329 779 2376 non
822 2313 1053 2388 possit.

574 2398 630 2454 l*
653 2394 928 2468 Proprie
956 2391 1211 2468 definiri
1247 2405 1374 2448 non
1394 2391 1620 2464 potest.
1671 2388 1986 2462 Quaelibet
2028 2387 2317 2452 definitio
2346 2407 2481 2468 pro-

490 2478 626 2554 pria
654 2472 727 2534 fit
768 2489 887 2550 per
913 2470 1484 2532 enumerationem
1523 2469 1965 2530 essentialium
2004 2473 2312 2531 notarum
2353 2474 2479 2549 qui-
2582 2538 2583 2545 χ

486 2562 610 2618 inis
638 2570 743 2614 res
774 2552 1107 2620 coalescit,
1142 2565 1218 2610 ac
1247 2548 1527 2625 proinde
1556 2563 1678 2623 per
1730 2548 2035 2610 notiones
2077 2550 2479 2611 universalio-

486 2654 590 2694 res
638 2639 700 2694 et
729 2633 1190 2694 abstractiores
1220 2644 1293 2688 re
1326 2626 1722 2688 definienda.
1754 2628 1952 2705 Atqui
1983 2634 2342 2706 conceptus
2378 2647 2480 2691 en-

486 2720 586 2786 tia,
622 2718 953 2791 quatenus
989 2707 1584 2771 universalissimus
1614 2712 1680 2768 et
1723 2708 2306 2782 abstractissimus,
2356 2711 2481 2770 aliis

478 2795 774 2870 pluribus
802 2808 934 2853 non
968 2788 1273 2851 coalescit
1300 2786 1425 2864 (53,
1477 2788 1609 2860 107,
1643 2782 1751 2864 3⁰),
1785 2804 1861 2848 ac
1889 2787 2166 2864 proinde
2208 2805 2344 2850 non
2370 2806 2475 2866 po—

480 2886 606 2934 test
646 2872 884 2933 resolvi
909 2873 978 2931 in
1018 2870 1321 2930 notiones
1366 2867 1790 2943 simpliciores
1841 2873 1908 2928 et
1959 2868 2172 2946 magis
2211 2869 2476 2933 abstrac-

482 2966 598 3014 tae.
646 2953 812 3030 Ergo
846 2966 965 3012 ens
992 2949 1060 3010 in
1091 2947 1424 3009 communi
1463 2947 1728 3022 proprie
1759 2946 2011 3007 definiri
2041 2949 2294 3025 nequit.

554 3038 618 3094 its*
670 3035 809 3094 Non
865 3033 999 3106 eqet
1040 3028 1427 3104 definitione,
1486 3029 1563 3086 ut
1605 3025 1905 3100 diximuS‚
1966 3032 2239 3103 propter
2284 3030 2471 3088 maxi-

470 3130 649 3174 mam
695 3111 1232 3189 perspicuitatem
1286 3107 1387 3166 sui
1448 3111 1830 3184 conceptus,
1893 3107 2007 3185 qui
2053 3113 2152 3168 est
2199 3109 2474 3173 omnium

478 3198 570 3254 cli!
582 3194 871 3255 tissimus
884 3237 897 3250 .

554 3274 693 3336 267.
728 3305 803 3314 —
832 3271 1300 3330 Verumtamen
1333 3264 1649 3326 declarari
1678 3268 1896 3341 potest
1921 3265 1990 3324 in
2021 3281 2150 3342 quo
2185 3267 2352 3327 entis
2389 3285 2473 3327 ra-

474 3354 562 3414 tio
594 3352 924 3423 consistat,
960 3364 1081 3408 seu
1110 3347 1270 3422 quid
1301 3345 1470 3406 entis
1496 3346 1760 3407 nomine
1794 3348 1862 3405 et
1891 3351 2215 3422 conceptu
2243 3348 2469 3408 veniat.

554 3438 682 3494 Eris
710 3431 1042 3491 derivatur
1071 3442 1108 3487 a
1136 3426 1338 3487 verbo
1368 3441 1533 3492 sum,
1570 3429 1802 3500 estque
1834 3425 2248 3501 participium
2293 3427 2464 3505 ejus:

470 3516 594 3574 sed
622 3527 757 3574 non
785 3515 1035 3572 tantum
1075 3507 1145 3567 in
1167 3505 1231 3567 vi
1257 3504 1596 3582 participii,
1623 3518 1852 3565 verum
1875 3506 2068 3565 etiam
2095 3505 2163 3564 in
2191 3505 2250 3568 vi
2279 3503 2473 3567 nomi-

534 3622 610 3678 (nj
634 3615 698 3666 D.
723 3614 907 3662 Thom.
930 3611 1006 3659 De
1031 3615 1151 3657 ente
1168 3615 1217 3655 et
1233 3607 1466 3656 essentia
1485 3605 1540 3655 in
1564 3620 1619 3655 ιν
1639 3605 2033 3671 Metaphysicor.
2059 3607 2161 3661 leo.
2197 3608 2247 3658 2.
2282 3609 2466 3660 Contra

466 3689 671 3746 gentes,
697 3676 734 3727 1.
762 3689 800 3724 1.
828 3689 949 3739 cap.
983 3685 1107 3732 xxv,
1124 3673 1242 3733 etp.
1272 3668 1325 3720 1.
1359 3682 1444 3732 qu.
1465 3667 1516 3730 3,
1543 3671 1648 3720 art.
1681 3668 1730 3717 5.
