2650 4242
537 293 720 336 anvtnnmn
741 291 944 335 PHILOSOPHIAE

650 443 777 506 CAPUT
793 443 843 504 Ill.

592 606 630 649 oa
647 584 845 667 ammonae(
867 585 890 666 ).

270 726 321 788 64.
345 760 384 768 -
406 725 492 788 Circa
520 731 648 790 tertiam
672 729 791 790 mentis
815 729 1054 806 operationem,
1080 723 1124 786 ad
1148 737 1251 800 quarn

231 804 371 883 simplex
383 808 603 886 apprehensio
615 815 646 869 et
658 809 823 887 judicium
838 809 989 870 ordinem
1002 807 1137 874 hahent,
1151 804 1249 894 quin-

232 901 298 963 que
314 887 440 948 anobis
456 895 532 948 sunt
547 889 788 950 consideranda
805 909 812 950 :
832 893 861 950 l⁰
880 892 996 950 natura
1019 884 1199 972 ratiocinii,
1218 886 1252 941 et

231 966 406 1042 speciatim
429 969 613 1048 syllogismi
637 970 808 1046 simplicis;
833 971 866 1030 2⁹
890 966 1072 1047 syllogismi
1090 963 1251 1038 simplicis

230 1045 341 1124 leges;
359 1048 389 1107 3⁰
403 1049 496 1108 variae
511 1047 624 1110 formae
645 1066 728 1127 quas
741 1049 881 1110 induere
906 1051 1016 1125 potest
1038 1045 1251 1132 syllogismus

230 1126 387 1201 simplem
403 1127 435 1186 4ο
455 1127 584 1190 diversa
607 1145 733 1207 genera
752 1128 1043 1208 argumentationis
1062 1126 1251 1205 generatim

231 1209 385 1283 sumptae,
414 1210 448 1268 et
471 1209 607 1270 tandem
618 1213 651 1270 5⁰
666 1208 802 1270 fallaciae
819 1210 938 1286 quibus
954 1205 1122 1283 deturpari
1136 1204 1252 1281 potest

229 1289 340 1348 motus
355 1286 474 1348 mentis
491 1288 704 1351 discurrentis
721 1289 762 1349 de
774 1289 900 1368 judicio
921 1287 964 1349 ad
975 1286 1151 1366 judicium.
1168 1284 1251 1344 llinc

234 1370 334 1443 caput
348 1366 429 1427 illud
443 1368 476 1428 in
493 1372 639 1447 quinque
655 1370 811 1432 articulos
827 1369 1071 1447 distribuamus.

611 1513 831 1595 narremus
845 1513 869 1573 1.

229 1651 274 1709 De
290 1655 412 1710 natura
430 1653 607 1727 ratiocinii,
633 1660 662 1714 et
683 1657 850 1730 speciatim
874 1653 1056 1728 spitoptsmt
1076 1645 1249 1722 simplicis.

248 1728 319 1817 Ι65.
335 1765 374 1773 -
386 1731 524 1806 iudicia,
541 1738 578 1794 ut
592 1738 691 1795 antea
707 1732 859 1809 diximus,-
876 1737 953 1794 sunt
980 1730 1118 1807 duplicis
1143 1741 1249 1805 gene-

228 1823 284 1880 r1s,
310 1809 499 1872 immediata
523 1814 576 1873 vel
600 1814 741 1875 mediata
769 1814 842 1893 (58).
867 1811 1032 1874 iudicium
1053 1810 1196 1872 dicitur:
1219 1808 1250 1866 1⁰

227 1885 466 1964 immediatum,
484 1893 614 1969 quando
627 1911 733 1954 nexus
748 1896 961 1955 terminorum
977 1891 1096 1971 quibus
1121 1885 1249 1948 coales-

229 1967 273 2028 cit
287 1968 371 2030 illico
389 1971 660 2050 deprehenditur;
677 1977 708 2035 2Ο
723 1974 918 2045 mediatum,
934 1970 1067 2050 quando
1093 1967 1248 2029 idearum

227 2062 334 2110 nexus
349 2065 417 2112 non
431 2050 760 2129 deprehenditurnisi
772 2070 832 2131 per
842 2052 1119 2132 comparationem
1130 2061 1249 2108 earum

229 2144 305 2188 cum
321 2130 430 2208 aliqua
446 2136 540 2194 tertia
560 2133 646 2195 idea.
670 2136 824 2211 Operatio
840 2135 913 2196 haec
926 2149 990 2210 qua
1001 2133 1046 2192 ita
1058 2128 1247 2206 deprehen·

229 2208 336 2270 dimus
351 2227 472 2271 nexum
488 2214 627 2292 alicujus
638 2215 752 2293 judicii
773 2215 910 2276 mediati
934 2213 1051 2274 dicitur
1076 2209 1248 2270 discursus

227 2294 283 2349 aut
305 2291 523 2366 ratiocinium,
549 2294 639 2371 quod
662 2301 837 2371 propterea
867 2293 993 2356 definiri
1018 2294 1129 2368 potest
1158 2307 1165 2348 :
1195 2290 1248 2346 Eo

226 2371 341 2430 mentis
355 2376 500 2445 operatio
513 2391 573 2448 per
592 2392 702 2450 quom,
723 2376 869 2436 instituto
893 2373 1136 2448 comparatione
1158 2369 1244 2429 dita-

225 2463 303 2508 runt
316 2451 467 2512 idearum
479 2450 555 2513 'etim
569 2457 678 2526 tertio,
694 2455 830 2516 iliorum
844 2456 928 2514 inter
941 2471 974 2514 se
984 2451 1182 2514 identitatem
1192 2446 1249 2505 oet

227 2529 480 2604 discrepantiam
490 2536 702 2609 percipimus.

265 2611 506 2683 Arpurnentotio
536 2613 697 2676 sehabet
726 2613 767 2674 ad
795 2612 1012 2683 ratiocinium,
1042 2610 1128 2670 sicut
1163 2621 1247 2683 pro·
1313 2634 1315 2689 5

225 2689 344 2763 positio
361 2690 403 2750 ad
413 2690 587 2768 judicium.
613 2695 863 2771 argumentatio
886 2693 973 2752 enim
992 2706 1052 2750 seu
1076 2688 1246 2750 discursus

226 2769 348 2829 vocalis
372 2774 422 2830 est
450 2773 582 2850 signum
601 2790 663 2834 seu
687 2775 855 2851 expressio
879 2773 982 2849 ipsius
1006 2768 1178 2838 ratiocinii,
1202 2781 1246 2826 ac

226 2847 369 3000 mainil}
389 2849 516 2990 definiri
531 2857 641 2930 potest
669 2873 676 2915 ε
703 2856 814 2916 Oratio
840 2869 905 2929 quc
924 2849 1103 2929 propositio
1118 2863 1186 2908 unu
1201 2861 1246 2905 ex

227 2943 248 2986 a
263 2944 304 2987 us
314 2947 346 2988 to
364 2946 400 2988 er
413 2949 465 2990 ur.

1313 2586 1315 2629 1

264 3006 357 3068 611-
369 3010 403 3070 ln
416 3012 585 3075 ratiocinio
600 3013 659 3074 tria
674 3017 751 3073 sunt
763 3008 1018 3072 consideranda:
1034 3010 1114 3069 ideae
1122 3006 1244 3084 quibus
1312 3000 1313 3061 l

226 3091 365 3159 constat,
385 3091 515 3164 judicia
539 3109 609 3170 qum
634 3111 676 3154 ex
700 3092 782 3153 ideis
808 3092 1033 3159 efformantun
1054 3092 1088 3150 et
1108 3086 1244 3147 tandem

224 3181 328 3228 nexas
337 3168 551 3246 judiciorum.
572 3176 602 3234 l⁰
617 3173 701 3234 ldeae
726 3173 927 3233 constituunt
941 3169 1111 3229 materiam
1136 3181 1243 3226 remo-

224 3249 292 3306 tam
306 3247 477 3324 ratiocinii,
493 3251 568 3314 ideo
586 3255 662 3330 quia
677 3255 710 3314 in
730 3251 938 3313 ratiocinium
960 3264 1028 3310 non
1050 3245 1244 3326 ingrediun-

225 3328 288 3417 tur,
305 3329 366 3395 nisi
381 3333 470 3404 prius
485 3333 517 3391 in
527 3332 661 3412 Judiciis
683 3332 862 3394 efformatis
883 3329 1080 3392 coalescant.
1098 3329 1130 3388 2⁰
1148 3325 1240 3387 ludi-

225 3421 273 3466 0111
289 3423 330 3467 ex
344 3408 429 3469 ideis
445 3411 612 3474 efformata
635 3414 839 3475 constituunt
862 3410 1032 3472 materiam
1049 3409 1243 3484 prooeimam

225 3487 397 3563 ratiocinii,
414 3489 447 3551 in
458 3497 617 3568 quantum
629 3493 756 3571 absque
767 3493 831 3553 ulla
846 3490 1061 3569 dispositione
1071 3487 1240 3558 ulteriore,

220 3676 346 3742 interiori,
361 3687 386 3731 et
399 3687 450 3732 art.
466 3683 582 3749 1(Quest.
597 3685 661 3748 disp.
677 3685 761 3735 Paris.
776 3700 817 3749 ap.
832 3687 863 3735 Ρ.
875 3684 1048 3749 Lethielleux).

1312 3114 1313 3161 l

1312 3178 1314 3221 1

13 3635 83 3658 ,
172 3663 174 3667 Ι
231 3618 283 3678 ¹a)
292 3616 396 3670 vides,
410 3621 564 3686 Thom.,qq.
575 3622 656 3693 dispp.
672 3623 846 3682 deVeritote,
856 3638 898 3686 qu.
910 3638 952 3681 xx,
963 3623 995 3671 de
1004 3621 1104 3673 ratione
1114 3623 1240 3688 superiori
