2650 4242
233 239 291 301 136
536 255 716 322 churtinruit
737 249 937 297 rutcosoemn

228 371 357 434 laborat
373 369 463 443 vitio,
487 385 562 431 cum
589 369 631 430 sit
652 371 780 432 tantum
801 364 951 445 quadam
972 360 1153 427 methodus
1177 379 1239 441 qua

228 467 324 512 mens
346 451 496 528 pervenit
509 449 553 511 ad
574 449 806 511 certitudinem
821 443 1046 507 scientificam.

269 533 301 593 3⁰
314 530 462 592 Tandem
476 529 651 602 Cartesius,
668 529 857 592 existimans
868 524 1099 586 certitudinem
1109 537 1242 614 omnem

227 608 379 672 funditus
395 609 562 670 dimanare
578 626 619 670 ex
648 605 834 670 testimonio
857 605 1074 675 conscientie,
1105 602 1244 664 dubium

230 690 398 770 quoddam
411 690 662 768 hypotheticum
672 705 710 750 ac
731 683 962 749 methodicum·
978 683 1107 746 induxit
1126 697 1244 744 verum

227 769 654 848 scepticismumredolens.
682 770 717 828 ln
737 769 843 844 primo
868 765 1075 844 paragrapho
1102 775 1244 840 agemus

229 849 272 912 de
287 850 348 911 hac
363 848 566 912 dubitatione
582 849 780 920 Cartcsiana‚
799 845 875 923 quia
891 848 941 906 est
952 845 1047 906 simul
1057 841 1172 904 fictitia
1184 858 1244 904 seu

228 930 272 991 ad
287 928 601 990 demonstrationem
617 925 783 1005 spectans,
808 931 840 984 et
853 925 951 985 realis
966 941 1026 985 seu
1039 939 1119 986 vere
1149 938 1244 999 scep-

228 1012 303 1082 tica‚
320 1025 357 1069 ac
368 1007 507 1086 proinde
530 1015 581 1070 est
600 1005 777 1068 methodus
792 1005 878 1067 viam
892 1003 1043 1081 pandens
1059 1002 1102 1064 ad
1116 1002 1242 1093 realem

226 1089 542 1166 scepticismum31n
569 1086 731 1160 secunde,
758 1086 800 1148 de
824 1085 895 1160 ipso
921 1086 1129 1160 scepticismo
1167 1097 1240 1172 uni·

225 1171 346 1231 versim
359 1172 489 1244 sumpto
505 1169 538 1228 in
554 1169 649 1228 tertio
666 1165 801 1228 tandem
812 1164 854 1226 de
865 1165 1057 1226 veritatibus
1068 1162 1241 1241 primitivis

233 1253 268 1311 et
290 1248 331 1310 de
353 1248 505 1310 idearum
524 1249 635 1309 valore
659 1245 836 1325 objectiva

512 1391 564 1450 st.
578 1393 617 1442 De
630 1389 787 1442 dubitatione
801 1389 949 1442 Curtesiana

264 1528 335 1588 227.
361 1559 400 1568 —
423 1525 515 1589 Circa
536 1527 621 1587 hanc
647 1524 885 1587 dubitationem
914 1523 1138 1586 methodicam
1171 1541 1235 1588 non

225 1621 341 1668 omnes
352 1606 538 1684 Philosophi
550 1606 640 1667 idem
657 1605 819 1684 judicium
833 1603 954 1676 ferunt,
981 1603 1146 1682 siquidem
1168 1607 1230 1680 alii,

224 1689 272 1748 uti
291 1686 521 1758 Rationalistae,
537 1688 673 1747 summis
693 1684 845 1747 laudibus
868 1683 1048 1746 Cartesium
1063 1685 1234 1754 extollunt.

225 1765 307 1906 §um
329 1765 391 1839 alii,
417 1767 597 1844 prasertim
618 1764 896 1837 Traditionalistae,
927 1766 1012 1826 hanc
1044 1765 1237 1827 methodum

248 1847 344 1906 critcr
357 1847 455 1907 nimis
468 1846 675 1925 impugnant.
692 1847 813 1904 Verum
842 1844 1018 1920 saepissime
1041 1847 1179 1923 contigit
1199 1852 1234 1908 ut

223 1924 414 1986 laudatores
441 1928 474 1986 et
495 1923 685 1996 adversarii,
703 1924 745 1985 ad
756 1941 850 1985 suurn
860 1923 1023 2001 judicium
1047 1925 1234 1999 ferendum,

223 2021 292 2068 non
306 1993 513 2067 solummodo
537 2003 817 2067 consideraverint
831 2003 1026 2066 methodum
1040 2006 1129 2066 illam
1142 2005 1177 2066 in
1187 2021 1233 2079 se,

126 2106 127 2109 ¹
223 2100 339 2146 verum
362 2087 461 2145 etiam
474 2085 566 2147 illum
579 2083 738 2145 influxum
754 2101 854 2161 quem
874 2083 988 2147 habuit
1015 2084 1181 2147 Cartesius
1201 2088 1234 2148 in

223 2164 465 2241 Philosophiam
480 2167 514 2224 et
532 2165 755 2243 theologiam.
771 2165 927 2226 Praeterea
950 2165 1029 2224 dum
1057 2166 1236 2243 loquuntur

223 2244 395 2322 speciatim
417 2242 459 2305 de
475 2244 547 2321 ejus
561 2244 731 2314 methodo
747 2259 814 2305 non
825 2248 873 2304 sat
884 2244 1149 2307 animadvertunt
1164 2245 1234 2306 Car-

224 2324 343 2384 tesium
366 2339 467 2401 agere
483 2323 525 2384 de
547 2324 742 2385 certitudine
772 2323 1009 2401 philosophica,
1039 2341 1107 2387 non
1122 2330 1229 2386 autem

224 2402 266 2463 de
297 2403 449 2485 naturali,
480 2408 579 2480 atque
605 2403 843 2464 dubitationem
865 2405 1087 2480 scientificum,
1124 2406 1231 2482 potius

224 2497 323 2561 quam
337 2499 449 2544 veram
461 2487 493 2543 et
507 2485 696 2560 practicam,
712 2483 886 2544 invexisse.

164 2636 169 2645 Ι
263 2563 303 2624 Ut
318 2565 593 2641 exaggerationes
607 2563 678 2624 illas
702 2563 878 2624 contrarias
893 2563 1044 2638 vitemus
1070 2566 1099 2625 1⁰
1120 2564 1231 2642 loque-

223 2657 297 2702 mur
313 2645 439 2703 tantum
450 2641 491 2702 de
513 2642 701 2705 methodica
717 2642 922 2704 dubitatione
944 2643 977 2701 in
1002 2659 1049 2716 se,
1075 2646 1229 2706 6120611-

221 2721 409 2797 pendemus
431 2720 903 2800 ejus-valoremscientificum.
921 2723 1023 2782 bitem
1045 2723 1146 2800 igitur
1166 2741 1230 2788 non

220 2801 427 2863 movebimus
453 2800 495 2862 de
529 2804 641 2862 mente
670 2801 814 2873 Cartesii
851 2819 912 2862 seu
934 2817 1002 2864 non
1029 2803 1230 2881 inquiremus

222 2881 373 2957 quisnam
394 2881 494 2942 fuerit
508 2897 630 2957 scopus
644 2881 745 2961 hujus
764 2883 905 2942 auctoris
926 2883 960 2942 in
981 2881 1035 2942 illo
1052 2887 1229 2962 systemate

221 2960 410 3033 condendo,
447 2977 485 3021 ac
526 2961 667 3038 proinde
713 2978 828 3022 omnes
878 2963 1128 3024 retractationes
1178 2969 1231 3026 aut

221 3040 458 3115 explicationes
473 3056 543 3119 qua
565 3040 657 3102 illum
679 3057 828 3118 scopum,
846 3058 967 3120 nempe
981 3046 1129 3103 mentem
1154 3059 1229 3105 auc-

219 3118 298 3179 toris
329 3120 490 3196 aperiunt,
512 3119 553 3180 ad
575 3136 646 3180 rem
674 3125 820 3181 nostram
851 3119 1099 3197 parvifaciunt.
1127 3125 1230 3204 lgitur

217 3201 330 3259 utrum
343 3201 377 3258 in
391 3203 503 3260 mente
520 3198 654 3260 Cartesii
671 3199 807 3262 dubium
818 3202 984 3262 invectum
997 3199 1095 3264 suerit
1110 3203 1228 3266 serium

218 3282 275 3339 aut
288 3277 449 3352 fictitium,
473 3281 656 3355 practicum
679 3283 735 3341 aut
749 3281 1000 3357 speculativum,
1016 3280 1051 3341 id
1072 3299 1115 3343 ne
1134 3285 1227 3346 mini-

215 3372 310 3419 mum
325 3358 460 3436 quidem
473 3359 621 3420 interest.
639 3358 827 3434 Quaremus
843 3362 1035 3438 simpliciter
1049 3377 1090 3422 an
1104 3365 1225 3426 metho-

217 3434 279 3500 dus
307 3436 494 3580 cardesmtffl
520 3439 629 3500 valeat
651 3440 693 3502 ad
716 3440 948 3504 certitudinem
970 3441 1225 3520 philosophicam

216 3532 365 3597 generan
392 3535 446 3580 am
