2650 4242
19 3661 85 3681 idum*

217 269 258 330 74
516 282 699 336 ourvrxnruu'
714 290 917 334 PlliLOSOl‘lllAE

218 406 337 476 ceptus
349 407 400 462 est
422 400 499 464 idea
509 403 712 475 universalis,
734 421 805 480 qua
820 403 1041 465 abstractione
1056 402 1230 464 obtinetur.

260 483 308 542 De
322 481 384 542 boc
399 497 569 558 processu,
587 483 817 560 aquibusdam
829 483 1066 544 recentioribus
1075 481 1233 552 inductio,

170 559 171 562 ’
222 561 266 644 ab
284 559 354 620 aliis
367 562 597 636 pecerottsotio
627 563 804 638 appellato,
826 563 861 624 in
882 563 1031 639 presenti
1052 563 1153 624 nobis
1173 576 1236 622 non

219 645 270 700 est
291 655 415 713 sermo;
440 657 518 700 nam
539 642 593 703 hic
614 658 803 719 processus,
828 647 992 720 quatenus
1016 640 1107 702 idem
1131 646 1182 703 est
1201 657 1235 702 ac

217 719 450 798 generalisatio
466 720 622 781 naturalis
645 738 705 782 seu
720 722 861 799 simplex
882 724 1070 793 abstractio,
1084 723 1123 782 in
1135 737 1234 798 quaes-

184 828 191 834 *
220 799 344 859 tionem
381 799 650 878 psychologicam
697 800 738 862 de
769 803 896 880 origine
924 800 1076 862 idearum
1112 799 1236 862 incidit.

176 951 179 954 ¹
220 879 388 952 Quatenus
409 895 487 939 vero
509 885 720 942 revocaretur
734 880 776 941 ad
797 881 1109 960 generalisationem
1133 881 1237 956 ortali-

218 958 339 1018 ct'otent
366 961 399 1018 et
429 957 597 1032 reflexam,
620 976 688 1021 non
720 968 809 1022 esset
829 962 909 1038 quid
933 959 1021 1021 aliud
1050 976 1156 1038 quam
1186 960 1237 1020 illa

220 1038 367 1113 operatio
391 1054 456 1114 qua
476 1053 571 1100 mens
587 1057 628 1100 ex
639 1041 776 1102 diversis
797 1040 947 1119 objectis
970 1040 1023 1100 vel
1038 1040 1141 1100 etiam
1155 1037 1237 1100 ideis

219 1117 471 1192 universalibus
507 1119 648 1180 inuicem
691 1121 897 1194 comparatis,
927 1123 1022 1179 notas
1064 1119 1237 1191 abstrahit,

220 1197 340 1273 quihus
364 1200 573 1271 conveniunt,
588 1198 627 1259 iis
648 1199 809 1277 neglectis
825 1200 943 1276 quihus
966 1197 1135 1260 differunt.
1155 1199 1237 1272 Qua·

219 1282 352 1352 propter
375 1277 526 1356 subjacet
552 1279 682 1358 legibus
704 1278 901 1341 inductionis
930 1277 1061 1354 proprie
1082 1271 1191 1349 dicte,
1208 1284 1238 1338 et

221 1353 344 1417 ducere
365 1357 452 1417 valet
465 1358 502 1417 ad
518 1363 644 1420 rectam
657 1359 946 1433 ctosstficoticnem,
968 1363 1133 1434 quatenus
1156 1372 1235 1432 sup·

220 1435 345 1511 peditat
373 1451 435 1497 seu
455 1435 643 1500 manifestat
664 1437 811 1499 diversos
839 1437 964 1517 gradus
982 1436 1238 1498 universalitatis

220 1517 402 1576 notionum.
910 1549 915 1555 ·

262 1595 334 1654 112:
347 1628 383 1636 -
399 1597 431 1656 2³
451 1594 578 1656 iudicia
603 1598 702 1657 etiam
716 1596 775 1658 alia
794 1601 871 1656 sunt
891 1595 1089 1657 universalia
1114 1599 1148 1654 et
1176 1594 1238 1654 alia

219 1673 423 1748 particularia
434 1672 507 1752 (til).
525 1675 622 1736 Porro
638 1674 785 1737 inductio
800 1678 932 1752 proprio
948 1690 1049 1736 sensu
1064 1675 1186 1736 dicitur
1197 1671 1236 1734 de

221 1753 360 1813 transitu
374 1770 392 1836 a
410 1754 633 1832 propositione
655 1755 813 1832 singulari
827 1754 870 1814 ad
883 1754 1114 1815 universalem.

249 1832 331 1892 ‘lam
352 1849 429 1894 vero
448 1832 574 1911 judicia
587 1834 784 1896 universalia
798 1838 876 1902 sunt
896 1834 949 1894 vel
970 1832 1161 1894 immediata
1185 1833 1237 1894 vel

220 1910 365 1972 mediata
380 1910 454 1991 (60),
473 1913 589 1988 Quoad
594 1914 721 1992 judicia
732 1915 895 1993 analytica
904 1913 1105 1982 immediata,
1120 1911 1236 1972 induc-

215 1991 305 2052 tione
333 1994 455 2052 utimur
490 1996 616 2054 tanturn
646 1992 688 2053 ad
718 1994 972 2072 intelligentiam
1007 1993 1235 2063 terminorum,

218 2075 382 2147 quatenus
411 2072 585 2150 singularia
616 2073 725 2150 aliquo
747 2074 847 2135 modo
869 2071 1016 2135 adhiberi
1030 2078 1169 2148 possent
1192 2069 1235 2136 ad

216 2149 302 2210 hanc
328 2152 549 2228 cognitionem
574 2151 804 2227 obtinendam;
822 2151 884 2214 sed
898 2154 1043 2215 terminis
1062 2153 1170 2212 semel
1184 2152 1233 2211 in·

217 2230 369 2300 telleotis,
386 2247 490 2292 nexus
511 2247 572 2307 per
593 2248 630 2292 se
652 2236 753 2307 patet.

259 2309 359 2386 igitur
392 2311 473 2372 ratio
503 2310 698 2371 efformandi
718 2312 785 2372 haec
815 2309 952 2390 Judicia,
976 2308 1060 2371 sicut
1085 2315 1119 2370 et
1139 2309 1233 2371 ideas

217 2388 1235 2468 universalesperperamconsiderareturtanquammethodus

237 2467 408 2538 cientifica,
432 2475 466 2529 et
486 2468 643 2534 afortiori
668 2476 824 2548 tanquam
845 2467 1020 2530 methodus
1042 2468 1233 2547 syllogismo

217 2550 374 2622 opposito.
392 2549 520 2609 Etenim
534 2551 568 2611 in
587 2552 730 2626 utroque
753 2565 832 2610 casu
853 2549 962 2626 agitur
975 2548 1167 2624 simpliciter
1193 2547 1233 2608 de

220 2627 445 2700 obstructione,
464 2645 533 2706 quae
547 2627 696 2706 profecto
711 2633 866 2706 respectu
886 2628 1068 2708 syllogismi
1090 2632 1139 2688 est
1151 2645 1235 2707 ope-

219 2707 301 2766 ratio
320 2706 470 2769 distincta
493 2713 526 2768 et
540 2708 668 2786 praevia.

260 2787 315 2846 llic
337 2786 564 2848 tantummodo
581 2788 688 2864 agitur
703 2786 745 2846 de
765 2785 959 2847 inductione
973 2787 1120 2861 speciata
1135 2789 1174 2845 ut
1185 2790 1234 2846 est

218 2865 397 2926 methodus
419 2865 608 2938 scientifica,
632 2867 755 2928 scilicet
781 2864 822 2926 de
844 2865 898 2925 illo
924 2865 1095 2924 transitua
1116 2865 1233 2944 singu-

218 2945 278 3004 lari
306 2943 349 3004 ad
369 2945 565 3018 uniuersale,
583 2949 638 3022 qui
659 2944 695 3006 fit
713 2961 774 3022 per
788 2947 921 3004 modom
942 2946 1234 3019 orpcmeutott‘onis

220 3028 254 3084 at
273 3024 306 3084 in
328 3024 405 3085 solis
415 3024 548 3104 judiciis
571 3025 764 3103 synthetiois
779 3023 963 3084 adhibetur.

260 3104 383 3164 ll3.--
399 3105 544 3166 inductio
559 3107 606 3166 sic
623 3104 840 3165 determinata
853 3106 965 3179 potest
982 3100 1123 3162 describi
1142 3121 1149 3162 :
1175 3119 1234 3162 ar-

215 3185 412 3260 gumentatio
428 3201 493 3260 quc
508 3188 547 3246 dc
560 3185 701 3261 subjecto
717 3183 896 3242 uniuersali
917 3181 1126 3256 affirmamus
1149 3183 1236 3256 quod

219 3263 420 3336 appectoratio
434 3267 472 3325 de
485 3264 621 3340 stupetis
635 3269 692 3323 out
706 3262 909 3338 deplorabas
932 3261 1002 3335 ejas
1021 3260 1234 3335 infertoribus

217 3342 349 3403 rieteortt.
364 3343 573 3404 antecedens
588 3343 687 3422 hujus
703 3339 995 3420 argumentationis
1012 3343 1137 3398 constat
1155 3355 1232 3416 pro-

218 3422 434 3497 positionibus
458 3423 650 3500 synthetlois
679 3417 886 3490 immediatis,
916 3434 978 3478 seu
1000 3416 1232 3496 judiciisfacta

217 3501 397 3578 singularia
412 3502 653 3564 exhibentibus.
672 3500 886 3577 Consequens
901 3497 944 3558 de
959 3497 1134 3559 universali
1149 3496 1231 3559 affir-

217 3585 286 3640 mat
301 3579 390 3657 quod
407 3582 609 3658 experientia
622 3581 747 3642 invenit
762 3593 937 3640 commune
951 3575 1171 3641 inferioribus.

257 3660 407 3721 Jamvero
423 3659 627 3722 antecedens
641 3663 752 3738 potest
766 3661 877 3720 omnia
889 3656 1057 3720 individua
1080 3672 1141 3719 seu
1160 3653 1229 3718 iac·
