2650 4242
490 259 701 306 coercemus
721 262 742 303 1.
1107 245 1128 307 7
1149 303 1153 311 ,

151 375 183 434 l⁰
210 375 273 438 Res
296 372 460 452 ejusmodi
487 381 626 451 possunt
654 377 695 437 ab
716 375 851 437 homine
873 373 1066 450 simpliciter
1078 391 1128 437 co-

106 457 222 530 gnosci
232 474 242 513 .·
263 469 439 530 possumus
455 455 543 514 enim
558 458 654 517 unice
678 456 837 533 dispicere
853 454 933 531 quid
955 460 1007 515 est
1025 456 1127 524 Deus,

107 532 191 610 quid
221 537 272 594 est
298 532 410 604 home,
435 533 514 610 quid
531 540 581 596 est
602 534 758 596 mundus.
775 533 862 596 Hinc
878 535 1024 613 exsurgit
1053 550 1130 613 pars

108 613 291 674 theoretica
306 628 368 674 seu
388 614 615 690 Metopltystco.
634 615 700 675 Sed
715 618 888 691 praeterea,

148 695 182 754 2⁰
216 694 330 763 Homo,
361 707 401 753 ex
437 695 610 770 perpensis
632 694 849 756 relationibus
865 709 947 770 quas
962 693 1062 753 habet
1086 693 1129 753 ad

108 771 174 833 alia
188 774 289 845 entia,
309 787 459 849 quaerere
482 777 591 849 potest
615 774 782 852 quomodo
805 790 842 834 se
858 789 978 851 gerere
1008 771 1131 834 debeat

109 860 146 914 ut
161 852 194 913 in
210 852 336 913 actibus
350 853 418 913 suis
432 852 543 915 liberis
563 859 675 914 servet
690 854 839 914 ordinem
866 852 1013 914 debitum
1028 852 1070 913 ad
1093 851 1128 912 fi-

109 947 201 994 nem:
215 931 290 992 hinc
304 947 379 1008 pars
394 931 537 1009 practica
552 948 612 993 seu
622 934 769 995 Moratr's.
787 931 875 994 Ordo
892 933 1055 1009 practicus
1070 949 1131 995 seu

109 1011 245 1073 moralis
270 1012 456 1088 expostulat
483 1015 520 1070 ut
541 1029 594 1072 res
629 1029 747 1073 omnes
774 1012 925 1082 ordinem
948 1011 1059 1072 dicant
1087 1011 1131 1073 ad

109 1093 230 1163 Deum,
248 1091 304 1167 qui
326 1095 376 1152 est
395 1089 468 1150 finis
483 1091 617 1153 ultimus
637 1096 672 1152 et
699 1093 804 1169 prima
833 1108 932 1152 causa
954 1091 1132 1170 cujuslibet

109 1172 161 1232 rei
176 1174 308 1230 creatae.
338 1171 421 1246 Ergo
445 1169 577 1248 quando
607 1172 705 1234 homo
722 1172 839 1250 quaerit
861 1172 939 1248 quid
961 1170 1130 1250 agendum

109 1250 153 1312 sit
162 1255 200 1310 ut
219 1249 437 1327 adimpleatur
457 1250 538 1312 ordo
562 1252 730 1323 naturalis,
760 1254 793 1313 in
821 1252 999 1312 relationes
1018 1267 1131 1312 rerum

110 1333 297 1391 creatarum
331 1330 482 1390 libertate
510 1331 723 1408 praeditarum
745 1331 787 1391 ad
813 1333 918 1392 Deum
949 1337 1131 1393 creatorem

108 1409 277 1470 rimandas
293 1409 499 1484 potissimum
514 1411 682 1472 incumbit.

152 1490 184 1549 3⁰
198 1491 318 1550 Verum
333 1489 375 1550 ad
386 1489 458 1550 haec
474 1490 712 1566 perscrutanda
723 1490 901 1567 requiritur
910 1488 1067 1565 quaedam
1078 1506 1125 1549 re-

109 1569 191 1647 gula
206 1572 294 1630 certa
312 1588 319 1628 :
337 1568 414 1630 inde
435 1585 572 1646 operam
600 1568 750 1630 conferre
779 1571 912 1645 oportet
932 1569 1029 1628 alicui
1044 1573 1126 1646 parb

109 1649 213 1710 veluti
238 1649 506 1726 propaedeuticae‚
525 1665 599 1727 quae
615 1649 732 1711 rationi
754 1649 840 1708 viam
858 1648 985 1723 aperiat
1004 1652 1129 1708 rectam

112 1733 148 1788 et
162 1732 267 1789 tutam
278 1728 321 1789 ad
334 1729 419 1790 hanc
435 1730 669 1808 cognitionem.
682 1730 810 1790 Etenim
825 1727 1129 1805 quaehbetsoientia

111 1808 312 1886 specialibus
332 1811 435 1870 utitur
448 1809 566 1870 mediis
581 1825 619 1869 ac
647 1808 771 1887 regulis
793 1806 836 1867 ad
850 1823 945 1867 suum
961 1806 1131 1885 objectum

110 1887 352 1966 indagandum.
391 1890 489 1966 Atqui
509 1888 728 1964 Philosophia,
758 1886 843 1947 sicut
870 1886 942 1946 aliae
969 1888 1128 1960 scientiae,

110 1983 174 2028 sua
198 1970 330 2044 propria
357 1967 556 2042 habetloca,
593 1983 653 2026 seu
684 1967 793 2027 media
829 1966 948 2043 quibus
965 1965 1064 2026 utitur
1088 1965 1130 2028 ad

111 2050 239 2108 rectam
260 2047 383 2126 objecti
398 2047 719 2108 determinationem.
736 2047 813 2106 Pars
828 2047 912 2112 haec,
937 2060 1012 2123 quae
1028 2061 1131 2124 regu-

110 2127 161 2188 las
175 2127 312 2189 rationis
326 2127 472 2206 assignat
487 2143 547 2188 seu
560 2125 670 2188 media
684 2125 906 2207 assequendae
917 2126 1062 2186 veritatis
1075 2125 1131 2188 de·

112 2206 280 2274 terminat,
306 2211 355 2267 est
369 2209 496 2282 topice.

152 2287 237 2365 Ergo
252 2285 459 2364 Philosophia
470 2288 536 2347 tres
548 2284 780 2361 complectitur
788 2286 912 2358 partes:
926 2283 956 2342 1⁰
965 2282 1129 2357 topicam,

114 2381 190 2444 quae
225 2367 435 2427 instromenta
462 2364 505 2425 ad
526 2365 650 2441 objecti
686 2362 910 2440 cognitionem
940 2361 1132 2421 necessaria

113 2444 320 2522 suppeditata
343 2447 377 2505 2⁰
392 2445 655 2520 rreroptpstcom,
680 2457 755 2520 quae
776 2457 891 2501 aarum
910 2441 1056 2518 respicit,
1072 2454 1134 2500 seu

114 2525 282 2602 obJ'eetum
302 2523 514 2600 Philosophiae
530 2529 717 2601 spectatum
730 2522 763 2582 in
779 2522 847 2580 suis
864 2521 971 2580 causis
986 2523 1020 2580 et
1047 2521 1080 2579 in
1095 2535 1133 2580 so

115 2603 318 2671 considerat:
336 2606 366 2665 3⁰
378 2605 533 2676 Etttoom,
552 2619 626 2682 quae
638 2600 974 2676 bonomrespicit,seu
983 2614 1134 2660 normam

115 2683 239 2763 agendi
252 2684 379 2760 praebet
403 2683 534 2744 entibus
556 2683 728 2744 intellectu
749 2685 783 2741 et
800 2681 950 2741 libertate
971 2678 1131 2756 praeditis,
1231 2698 1233 2701 ·

114 2769 152 2824 ut
174 2768 326 2921 servaturi
352 2760 434 2824 ordo
449 2763 606 2824 naturalis
628 2778 740 2824 rerum
767 2760 810 2821 ad
837 2759 950 2831 finem,
966 2758 1133 2837 praecipue

115 2844 268 2906 tdtimum
295 2844 333 2903 l.

154 2925 184 2986 8.
209 2957 248 2967 -
267 2843 484 2985 {nordiemur
511 2937 530 2981 a
559 2920 678 2998 Logica
705 2917 747 2996 (2)
784 2922 816 2978 et
846 2915 967 2978 deinde
992 2915 1131 2995 gradum

113 2999 273 3064 faciemus
288 3002 330 3063 ad
345 3001 613 3079 Metaphysicam,
636 3004 674 3061 ut
690 2998 824 3059 tandem
852 2996 1068 3057 deveniamus
1092 2994 1132 3058 ad

114 3083 272 3155 Ethicam
296 3098 362 3160 qua
377 3079 566 3158 perficietur
586 3084 699 3140 nostra
713 3075 873 3138 tractatio.

153 3163 257 3242 Hujus
285 3160 522 3223 distributionis
549 3159 645 3229 ratic,
669 3172 745 3235 quae
769 3155 923 3216 omnibus
954 3157 1002 3214 cst
1023 3154 1131 3225 obvia,

143 3297 178 3370 (1)
191 3299 279 3362 ltaque
292 3295 457 3360 Philosophia
466 3295 592 3360 triplicem
601 3293 718 3363 ordinem
728 3291 865 3361 veritatum
877 3290 1063 3354 complectitur.
1073 3289 1136 3360 Inde

113 3361 136 3410 si
149 3359 301 3410 divisionem
309 3359 383 3422 hujus
391 3357 505 3407 scientiae
514 3361 630 3420 repetere
644 3355 707 3403 vebs
719 3355 751 3402 ab
766 3367 820 3422 ipso
831 3369 905 3422 lvere.
923 3357 1000 3416 prout
1014 3355 1053 3400 est
1067 3352 1133 3415 obje-

113 3426 183 3472 ctum
197 3419 322 3485 quedelia
336 3420 383 3468 sub
391 3420 490 3470 ratione
504 3418 631 3484 reperitur
639 3417 666 3466 in
681 3416 729 3464 hac
742 3412 837 3474 trrplior
849 3418 931 3485 parte,
942 3413 1065 3462 habemus
1088 3426 1136 3476 pro

113 3483 213 3548 objecto
222 3482 419 3546 Logicaeverum
433 3481 578 3540 rationale,
587 3494 635 3590 pre
648 3477 749 3543 objecto
758 3477 939 3540 Metaphysrcae
952 3488 1042 3523 verum
1051 3473 1137 3534 reale,

114 3559 162 3610 pro
178 3545 278 3612 objecto
291 3544 390 3594 lcthtcae
402 3556 490 3594 verum
507 3557 585 3594 mora
597 3557 621 3592 e.

146 3651 181 3716 (ἲ)
196 3649 300 3704 Consul.
316 3650 349 3700 D,
363 3649 456 3700 Thom.
466 3646 527 3700 lect.
544 3645 603 3698 vtn
613 3646 637 3696 ll
649 3641 884 3708 Metaphysieorum
897 3656 954 3706 cap.
965 3657 990 3690 r.
