2650 4242
277 280 475 325 affirmarunt
496 279 579 334 ean,
602 278 656 322 san
681 275 860 321 ourotoon.
1022 256 1076 317 171

99 389 278 451 Probatur.
305 390 387 452 lllud
410 392 445 452 in
471 390 623 468 prasenti
652 388 770 468 dieitur
798 385 1007 460 indivisibile,
1038 403 1079 448 ex

60 485 128 545 quo
143 469 226 530 nihil
242 469 368 532 detrahi
382 475 492 547 potest
505 473 584 547 quin
599 470 799 531 destruatur.
816 470 912 543 Atqui
930 468 1079 529 essentia

58 565 176 610 rerum
189 566 257 611 non
272 554 412 626 possunt
425 552 527 613 minui
541 565 604 611 neo
627 549 753 628 augeri,
771 547 849 625 quin
864 547 1077 622 perimantur,

62 644 126 687 seu
142 632 222 705 quin
247 646 300 690 ras
323 632 383 691 illa
406 631 441 691 in
462 630 543 709 alias
567 630 792 690 immutentur.
818 627 1013 703 Eaeatptum
1038 627 1078 688 ab

62 708 241 769 Aristotele
257 710 438 772 adhibitum
465 728 472 770 :
499 709 713 784 Quaternario
739 709 766 768 sl
789 708 952 767 unitatem
976 705 1079 767 addas

64 789 120 848 vel
145 786 273 862 demas,
298 790 398 850 alium
421 806 596 850 numerum
621 789 731 850 statim
754 785 905 856 habebis,
928 786 988 847 sed
1012 799 1079 847 non

66 867 210 944 amplius
239 870 494 946 quaternarium.
521 871 566 930 lta
589 869 618 929 si
640 867 823 929 definitioni
852 866 998 926 animalis
1022 865 1079 925 ali-

67 963 171 1025 quam
185 954 299 1009 notam
313 948 416 1011 addas
430 950 483 1011 vel
498 947 624 1020 demta,
649 964 717 1009 non
733 947 794 1008 erit
808 944 948 1022 amplius
964 960 1077 1006 essen·

68 1030 113 1086 tia
138 1029 287 1090 animalis
312 1048 321 1090 t
347 1030 375 1090 si
398 1029 513 1090 demas
538 1033 650 1090 notam
673 1026 911 1093 sensibilitatis,
940 1024 1079 1087 habebis

66 1106 233 1182 plantam;
250 1111 278 1170 si
292 1107 395 1170 addas
419 1114 531 1170 notam
555 1105 794 1178 rationalitatis,
819 1105 958 1167 habebis
973 1104 1080 1166 homi-

65 1204 157 1247 nem.
174 1187 259 1264 Ergo
275 1205 385 1250 rerum
400 1188 550 1249 essentia
564 1194 642 1249 sunt
656 1185 880 1248 indivisibiles,

107 1267 185 1328 Set.
211 1268 351 1330 Evidens
376 1267 537 1346 estquod
561 1267 589 1327 si
612 1272 769 1346 ageretur
784 1264 825 1325 de
842 1264 983 1325 essentia
999 1264 1080 1342 phy-

68 1346 139 1407 sica
154 1352 347 1426 composita,
374 1365 404 1410 v.
431 1364 466 1428 g.
495 1346 539 1425 de
560 1347 705 1421 bomine,
733 1362 771 1406 ea
786 1350 899 1422 posset
913 1344 1032 1404 resolvi
1046 1345 1081 1403 in

64 1441 145 1485 suas
160 1436 286 1502 partes;
312 1427 373 1490 sed
396 1427 448 1488 hio
475 1429 628 1504 quaritur
651 1431 778 1487 tantum
801 1428 912 1484 utrum
938 1423 1081 1484 essentia

66 1505 188 1645 eadessi
202 1509 305 1582 possit
317 1507 421 1569 minui
435 1507 488 1570 vel
502 1508 618 1586 augeri
632 1508 715 1567 ootts
729 1505 772 1566 ad
788 1506 968 1565 essentiam
983 1518 1078 1580 speo-

69 1586 151 1646 tanti
176 1602 228 1646 us.
616 1590 618 1593 ’

68 1709 139 1769 281.
156 1741 196 1752 -
209 1711 317 1771 Trrrsrs
333 1711 383 1772 lll.
400 1712 549 1791 Essentta
561 1727 676 1772 rerum
697 1708 919 1784 totelttptbtles
932 1711 1003 1770 suot
1017 1710 1081 1769 tm-

109 1789 283 1850 mutobttes
296 1794 325 1850 at
338 1791 538 1852 necessaria.

110 1909 283 1973 Probatur.
299 1911 448 1974 Essentia
463 1911 561 1974 estid
576 1928 641 1989 quo
658 1927 718 1972 ens
736 1909 970 1989 quodcumque
988 1924 1082 1971 eons-

72 1990 198 2051 tituitur
220 1990 255 2052 id
276 1993 367 2069 quod
391 1996 441 2054 est
464 1994 546 2073 (275)
573 2010 580 2053 :
607 1991 824 2070 quamobrem
849 1991 1081 2061 simulamur,

70 2067 151 2132 illud
167 2069 336 2145 enslieret
360 2070 448 2151 quod
474 2087 542 2133 non
566 2080 647 2142 erat,
672 2086 731 2132 seu
756 2069 845 2132 allud
870 2086 940 2132 ens.
956 2072 1039 2149 Ergo
1056 2069 1084 2130 si

69 2150 215 2210 essentia
230 2151 369 2231 alicujus
382 2152 429 2212 rei
447 2156 536 2213 esset
551 2151 728 2222 mutabilis,
745 2150 800 2211 illa
816 2165 869 2210 res
885 2153 998 2226 posset
1021 2165 1084 2209 noo

68 2247 134 2290 assa
147 2231 185 2291 id
199 2232 286 2305 quod
298 2235 354 2304 est,
371 2236 428 2292 aut
442 2248 516 2294 esse
540 2229 575 2292 id
599 2227 691 2309 quod
716 2245 783 2291 non
807 2233 868 2300 est,
886 2229 976 2307 quod
990 2245 1082 2306 apar-

69 2313 136 2368 tam
159 2309 295 2371 involvit
309 2310 612 2374 contradictionem.
633 2312 690 2371 Ex.
721 2330 727 2370 :
759 2309 904 2370 essentia
931 2306 1084 2387 quadrati

68 2388 187 2450 variari
202 2391 331 2468 nequit;
347 2391 432 2452 latus
447 2388 582 2469 aliquod
596 2404 663 2451 non
678 2392 842 2466 reciperet
856 2389 909 2450 vel
920 2389 1085 2448 amitteret
1185 2449 1196 2474 ,

69 2469 248 2544 quominus
263 2468 391 2532 desinat
405 2487 477 2533 esse
493 2470 528 2531 id
543 2468 632 2548 quod
648 2475 710 2542 est,
735 2485 796 2529 seu
820 2467 1028 2547 quadratum.
1051 2472 1084 2528 et

68 2546 124 2606 fiat
137 2547 173 2610 id
189 2547 278 2626 quod
292 2566 360 2612 non
377 2553 438 2623 est,
454 2567 515 2612 seu
530 2551 730 2628 triangulum
754 2553 810 2608 aut
834 2547 1082 2626 pentagonium.

70 2627 151 2709 llino
186 2629 335 2690 essentia
369 2646 479 2691 rerum
512 2634 589 2692 sunt
620 2629 852 2702 immutabiles
883 2644 921 2688 aa
944 2624 1083 2706 proinde

70 2711 278 2771 necessaria.

110 2787 183 2848 282.
199 2822 238 2831 -
253 2788 429 2850 Sotottum.
453 2788 649 2852 Mutationes
673 2787 757 2848 liunt
779 2788 812 2849 in
827 2802 938 2848 rerum
954 2790 1081 2856 natura,

69 2866 133 2926 sed
155 2869 224 2928 ista
248 2869 447 2930 mutationes
470 2885 538 2931 non
562 2867 707 2930 afficiunt
733 2869 905 2929 essentias
929 2867 1085 2928 Essentia

71 2945 256 3025 singulares
271 2948 341 3010 aliis
355 2947 624 3026 succedunt-qua
638 2948 780 3009 existere
805 2951 950 3021 cessant;
975 2945 1035 3008 sed
1049 2944 1084 3006 id

70 3041 139 3086 non
154 3026 308 3103 importat
321 3030 536 3089 mutationem
562 3028 711 3088 essentia
736 3029 930 3098 eommunis,
957 3042 1018 3088 seu
1032 3025 1082 3086 in-

71 3105 259 3184 telligibilis,
277 3106 319 3168 de
330 3124 395 3186 qua
406 3107 526 3186 agilum
541 3108 720 3169 existentia
732 3105 890 3167 duntaxat
902 3109 1083 3168 mutantur.

67 3231 138 3291 283.
155 3262 195 3277 -
209 3232 320 3293 Tarsis
335 3233 384 3294 lV.
401 3234 550 3294 Esseatta
563 3247 678 3294 rerum
692 3239 763 3294 sunt
778 3236 916 3292 aterna.

111 3353 201 3413 Noto.
222 3352 338 3431 Agitur
360 3350 402 3415 de
426 3356 513 3415 statu
534 3353 820 3433 intelligibilitatis.
848 3369 914 3415 non
937 3369 1016 3416 vero
1043 3353 1085 3416 de

71 3436 161 3493 statu
176 3432 366 3494 existentia.
930 3453 932 3458 ’

111 3557 286 3616 Probatur.
305 3559 334 3618 1ο
354 3556 505 3619 Essentiae
520 3572 631 3617 rerum
644 3556 723 3618 solis
739 3560 890 3618 constant
905 3556 1085 3617 constituti-

23 3693 24 3698 ,
73 3635 121 3698 vis
133 3636 183 3698 rei
198 3635 433 3699 determinata.
445 3637 543 3717 Atqui
553 3653 622 3699 non
635 3635 812 3715 aliquando
827 3637 924 3716 eoepit
941 3645 1014 3698 esse
1032 3651 1087 3699 ve·
