2650 4242
233 247 273 306 tio
545 261 725 304 snxvrxnrmr
746 258 948 302 ruinosorrna

236 375 409 440 exordiria
420 373 683 436 consideratione
694 375 853 448 attributi,
864 380 902 435 ui
911 374 953 436 ad
962 375 1144 451 subjectum
1155 370 1245 432 dere·
1297 428 1299 435 .

137 471 140 474 ·
234 457 371 518 niatria
393 456 650 531 compositionis.
668 455 766 514 Porro
784 453 859 514 haec
882 456 934 515 ria
957 469 1026 516 non
1048 459 1099 513 est
1121 467 1248 528 semper
1297 438 1299 523 !

238 535 323 598 adeo
345 535 445 613 plana
467 538 502 594 et
526 536 679 611 simplex,
705 537 743 594 ut
764 549 871 594 nexus
895 535 980 594 inter
1003 533 1196 594 attributum
1220 538 1249 593 et
1297 552 1299 583 ε

195 675 202 692 ,
236 614 425 694 subjectum
440 616 549 675 statim
564 622 597 674 et
610 618 729 690 sponte
745 629 805 674 sua
819 617 950 690 pateat3
967 613 1008 674 ah
1024 629 1090 673 uno
1111 609 1249 672 adalind
1297 612 1299 697 ᾗ

237 709 469 772 saepenumero
486 709 552 754 non
566 692 601 754 fii
622 692 746 772 gradus
761 695 834 766 nisi,
851 709 911 769 per
925 695 1045 754 seriem
1067 689 1251 752 ratiocinio·
1297 702 1299 717 ¹

236 791 322 845 rum,
340 781 372 836 et
387 772 506 834 exinde
523 771 701 835 methodus
722 773 905 852 synthetica
930 773 1063 849 proprie
1088 772 1179 833 dicta
1201 786 1251 830 re·
1297 772 1299 835 ἷ

261 854 387 916 uiritur.
1297 854 1299 859 '

239 871 358 995 qunc
374 931 416 993 de
431 932 588 1015 methodo
611 932 797 1010 synthetica
826 931 860 992 in
883 932 1065 992 ratiociniis
1084 929 1253 1006 speciatim
1297 958 1299 961 ·

240 1013 410 1094 agendum
427 1014 487 1072 est.
505 1011 739 1072 Consideraiur
755 1015 783 1072 1⁰
799 1016 962 1088 quatenus
977 1009 1187 1071 ratiocinium
1200 1023 1252 1086 ge·

240 1095 380 1155 neratim
390 1093 577 1168 inspectum
587 1089 703 1161 aflicit;
719 1093 751 1151 2ὖ
765 1087 1019 1168 progrediemur
1039 1089 1082 1151 ad
1110 1103 1253 1168 genera-

240 1175 308 1236 lem
324 1171 622 1235 considerationem
638 1169 749 1230 formae
759 1170 1025 1232 observandaein
1041 1167 1253 1247 disputand03

241 1253 386 1330 deniq'ue
401 1253 432 1312 3⁰
447 1266 585 1328 agemus
602 1249 643 1310 de
664 1250 955 1312 demonstratione.
973 1251 1050 1313 liaec
1071 1252 1184 1310 omnia
1204 1263 1254 1308 re·

152 1359 165 1404 ῃ
239 1336 400 1394 vocantur
414 1329 456 1391 ad
466 1328 660 1390 methodum
669 1330 899 1408 syntheticam,
912 1331 973 1391 etsi
986 1344 1167 1406 processus
1184 1341 1254 1387 ana·
1297 1359 1299 1394 ;

239 1415 359 1493 iyticus
383 1408 559 1487 aliquando
576 1414 735 1470 occurrat.

498 1548 516 1610 ἓ
535 1545 555 1599 i.
572 1546 612 1598 De
628 1542 763 1612 synthesi
776 1544 809 1598 in
822 1541 997 1601 ratiociniis.

285 1729 352 1790 124.
369 1761 404 1772 -
430 1728 642 1789 Generaiiora
664 1726 823 1806 principia
838 1745 899 1790 seu
920 1730 1081 1790 axiomata
1097 1734 1177 1790 sunt
1190 1726 1255 1789 fon·
1297 1750 1299 1788 ς

245 1815 295 1871 tes
310 1809 448 1869 aliorum
459 1807 673 1886 judiciorum,
691 1815 724 1869 ei
743 1808 821 1869 ideo
843 1809 953 1885 priora
966 1809 1000 1870 in
1018 1810 1135 1871 ordine
1160 1809 1257 1870 disci·
1297 1815 1299 1823 '

244 1889 356 1968 plinae.
372 1891 521 1948 Jamvero
537 1903 598 1964 per
619 1889 837 1962 ratiocinium,
856 1889 946 1966 quod
963 1889 1068 1950 effatis
1083 1891 1209 1950 dictam
1222 1890 1256 1950 dc

245 1971 343 2040 ononi,
359 1969 483 2029 dictum
504 1969 543 2028 dc
554 1968 644 2029 culto
660 1968 783 2040 nititur,
799 1969 851 2028 hic
866 1973 1020 2030 transitus
1036 1986 1054 2029 a
1069 1967 1256 2047 generalio-

245 2047 336 2109 ribus
364 2045 531 2124 principiis
563 2045 606 2107 ad
640 2047 748 2108 minus
776 2049 975 2109 universalia
1002 2049 1184 2128 peragitur,
1220 2063 1256 2108 ac

129 2173 131 2178 ,
244 2126 383 2206 proinde
394 2125 1257 2206 ratiociniumadmethodumsyntheticamrevocaiur,

246 2205 399 2270 eomodo
418 2221 482 2282 quo
493 2205 638 2268 inductio
650 2205 896 2268 admeihodum
906 2208 1113 2288 analyticam.
1124 2210 1255 2278 Verum,

245 2293 282 2348 ut
303 2289 431 2346 constat
446 2301 487 2345 ex
498 2292 594 2346 antea
610 2287 715 2357 dictis
731 2286 947 2361 ratiocinium,
964 2296 997 2349 et
1011 2290 1183 2365 speciatim
1197 2286 1256 2366 syl·

244 2366 416 2445 logismuS,
432 2380 501 2426 non
515 2365 672 2426 ita'utitur
692 2365 848 2427 methodo
882 2368 1077 2447 synthetioa,
1094 2374 1130 2428 ut
1150 2373 1257 2428 tamen
1297 2366 1298 2369 ’

247 2443 448 2524 quandoque
464 2441 601 2505 formam
616 2446 814 2525 analyticam
827 2462 894 2508 non
904 2448 1018 2509 induat
1036 2446 1099 2527 (99,
1116 2433 1186 2525 3⁰);x
1200 2444 1256 2507 sed
1297 2524 1298 2527 Ἴ

246 2525 443 2666 regulariter
470 2522 661 2584 devenimus
681 2526 722 2588 ab
743 2527 1032 2590 universaliorihus
1052 2529 1093 2588 ad
1113 2527 1254 2605 particu-

260 2620 338 2667 arra.

290 2685 358 2745 125.
374 2685 448 2742 -Α
461 2679 586 2742 fortiori
601 2680 734 2759 quando
752 2683 860 2763 aliqua
870 2684 1103 2747 demonstratio
1119 2685 1162 2746 ah
1174 2687 1256 2747 axio-

202 2809 209 2818 .
247 2762 391 2826 malibus
413 2766 469 2844 aut
480 2762 728 2840 generalissimo
741 2763 901 2841 principio
925 2765 1111 2838 exordiens,
1127 2781 1190 2842 per
1212 2763 1256 2825 di·

249 2859 361 2904 versas
387 2840 624 2919 applicationes
651 2841 769 2904 horum
794 2843 1027 2921 principiorum
1057 2843 1192 2906 devenit
1219 2843 1258 2905 ad

250 2921 462 2999 particulares
475 2921 717 2993 conclusiones
734 2926 833 2999 atque
847 2923 893 2984 ita
912 2938 974 3002 per
987 2923 1110 3003 gradus
1120 2941 1259 3004 progre-

251 3003 339 3064 ditur
352 3007 389 3062 ut
401 3001 519 3062 veritas
534 2997 723 3078 generalior
736 3003 940 3066 antecedens
950 3004 1080 3067 sitratio
1095 3002 1258 3066 sufficiens

249 3082 392 3143 veritatis
407 3080 609 3157 specialioris
625 3084 871 3158 consequentis
893 3085 940 3146 uti
956 3085 1125 3162 contingit,
1141 3102 1172 3146 v.
1196 3101 1257 3164 gr,

249 3163 284 3224 in
298 3161 491 3238 geometria,
508 3159 578 3219 talis
595 3159 829 3232 demonstratio
842 3163 989 3240 procedit
1002 3181 1060 3241 per
1070 3164 1261 3227 methodum

250 3239 481 3320 syntheticam.
506 3239 587 3298 Nam
612 3245 679 3300 tota
705 3239 778 3300 haec
799 3245 880 3303 ratio
903 3241 1161 3319 demonstrandi,
1187 3259 1258 3324 quae

251 3321 336 3382 serie
352 3318 620 3396 syllogismorum
636 3320 801 3391 coalescit,
824 3323 935 3383 nititur
959 3324 1056 3388 effata
1078 3327 1197 3386 dictum
1225 3327 1260 3386 dc

251 3401 341 3463 omni
349 3397 411 3476 (72,
427 3396 483 3476 1⁰);
495 3403 652 3474 praterea
662 3399 817 3461 subaudit
829 3405 1001 3464 veritatem
1006 3404 1077 3483 jam
1088 3403 1258 3475 detectam,

252 3496 316 3557 ope
331 3477 478 3539 methodi
491 3477 700 3552 inventionis,
718 3495 858 3557 eamque
873 3484 934 3545 rite
950 3482 1093 3561 disponit
1104 3484 1138 3545 in
1149 3482 1259 3544 ordine

253 3559 297 3620 ad
321 3559 479 3620 veritates
507 3554 680 3618 inferiores
707 3575 768 3620 seu
794 3559 981 3625 derivatas:
1008 3562 1127 3626 exinde
1150 3561 1260 3626 dicitur

250 3637 430 3700 methodus
445 3637 595 3697 doctrina
615 3652 677 3698 seu
698 3637 887 3718 magisterii.
1120 3656 1121 3659 ’
