2650 4242
242 295 254 319 ,
309 250 506 297 narrenrsres
527 253 610 306 anu,
633 250 691 295 ssu
712 212 893 309 onrocoorl.
1052 232 1110 293 233

138 368 172 428 2⁰
181 366 368 428 Concursus
379 363 497 429 dicitur
507 366 607 427 etiam
615 366 792 447 negativus
807 366 861 439 vel
872 366 1043 443 positivus.
1054 364 1110 427 list

93 452 277 524 sepulcra,
294 445 427 524 quando
449 461 553 525 agens
566 441 737 524 pelmittit,
753 445 833 511 nihil
846 462 908 525 per
920 451 969 523 se'
978 446 1111 523 ipsimet

97 526 222 590 actioni
255 523 441 588 conferens.
469 528 626 588 Positiccs
651 520 1013 620 alelatuwunndo
1029 523 1108 587 illud

99 622 207 688 agens
217 620 292 667 cum
302 608 404 667 altero
423 610 545 685 agente
560 610 726 683 operatur.
765 606 806 619 “⁰
954 628 958 634 ·

142 688 174 749 3⁰
184 686 367 747 Concursus
381 685 480 747 etiam
494 686 687 748 dividiturin
701 686 876 767 physicum
891 691 924 747 et
937 686 1108 747 moralem.

99 767 229 829 Dicitur
239 765 400 841 popurus,
417 766 549 843 quando
562 781 630 827 una
644 782 742 827 causa
764 767 900 828 alteram
912 766 1049 845 physice
1059 763 1111 843 J'u·

101 852 170 916 vat,
186 845 309 906 scilicet
322 848 453 923 quando
475 846 528 907 hic
543 861 721 907 concursus
735 845 770 907 fit
783 862 844 923 per
857 846 1112 924 applicationem

103 926 281 1005 quamdam
304 926 471 1019 plrpsioam
487 930 520 986 et
529 927 654 1018 realem
675 925 791 987 virium
815 926 914 1006 hujus
939 942 1044 988 causa
1067 922 1112 986 ad

103 1004 1111 1167 rtitllulllllllllicliiii}lltildilltiil

101 1167 156 1309 vssl
170 1182 237 1226 non
251 1164 420 1243 agendum
439 1165 675 1227 sollicitamur:
705 1171 755 1228 est
787 1166 932 1229 invitatio
962 1164 1112 1245 quaedam

104 1246 279 1319 oiectiva.

145 1325 226 1387 Cum
239 1326 328 1385 Deus
341 1323 508 1385 moraliter
522 1329 696 1386 concurrat
708 1324 935 1389 tantummodo
951 1324 994 1386 ad
1008 1326 1110 1387 actio·

104 1420 166 1469 nes
178 1405 333 1465 honestas
349 1405 474 1464 entium
488 1404 659 1466 intellectu
673 1403 892 1481 praeditorum‚
907 1406 959 1468 hic
972 1420 1110 1467 concur·

104 1500 162 1547 sus
181 1485 313 1545 moralis
328 1484 476 1559 specialis
485 1488 706 1561 nuncupatur.
723 1484 803 1547 Cum
816 1486 906 1547 Deus
921 1485 1057 1565 physice
1079 1488 1114 1545 et

104 1563 293 1626 immediate
310 1568 483 1624 concurrat
497 1581 572 1625 cum
586 1564 738 1627 omnibus
753 1567 860 1627 causis
871 1564 1026 1628 secundis
1037 1565 1113 1628 etin

104 1644 258 1705 omnibus
279 1659 412 1719 prorsus
428 1659 541 1705 earum
568 1644 825 1784 ogerationibus,
854 1644 907 1708 hic
935 1660 1114 1707 concmsus

103 1722 400 1786 universalissimus
414 1724 575 1798 pecoralis
608 1726 714 1788 icitur.

145 1803 177 1862 4ο
204 1803 388 1865 Concursus
411 1803 619 1865 immediatus
646 1820 666 1865 a
694 1803 869 1866 Thomistis
896 1806 996 1868 etiam
1032 1803 1113 1869 diri-

106 1883 195 1945 dilur
232 1883 266 1944 in
301 1883 532 1945 simultaneum
571 1888 605 1945 et
642 1884 905 1962 praevenientem.
953 1884 1114 1945 Simulta-

102 1980 185 2024 ncus
212 1968 270 2034 est,
304 1969 342 2023 ut
370 1979 468 2039 supra
497 1963 649 2039 diximus,
683 1963 815 2042 quando
848 1980 916 2026 non
957 1970 1007 2027 est
1034 1961 1115 2041 quid

103 2042 262 2121 pravium
276 2042 395 2105 actioni
409 2058 513 2105 causae
526 2042 659 2123 adjutae,
675 2044 736 2106 sed
750 2044 906 2123 recipitur
922 2042 1114 2106 immediate

104 2126 139 2186 in
155 2123 286 2186 ellectu.
303 2123 425 2183 Dicitur
432 2128 585 2201 precius,
601 2124 733 2201 quando
749 2124 911 2185 actionem
925 2128 1040 2185 natura
1055 2138 1116 2185 sua

104 2203 272 2279 praevenit,
295 2219 333 2264 ac
347 2203 486 2276 proinde
500 2204 665 2281 recipitur,
686 2204 801 2266 nonin
830 2204 963 2274 effectu,
992 2202 1053 2264 sed
1079 2205 1115 2265 in

105 2283 253 2361 potentia
266 2281 587 2360 indiderenli‚quam
600 2288 714 2345 movet
728 2288 761 2345 et
774 2285 917 2361 applicat
931 2282 973 2345 ad
988 2287 1114 2345 actum:

107 2361 168 2424 sed
181 2362 236 2425 ille
250 2378 269 2423 a
283 2363 379 2425 nobis
393 2367 530 2424 vocatur
557 2363 666 2439 potius
689 2363 867 2425 modiolus,
905 2364 959 2425 His
987 2360 1113 2441 positiS,

106 2441 274 2520 agendum
299 2447 349 2504 est
360 2441 402 2503 de
417 2444 629 2504 contrutinet
642 2444 821 2520 quidditatc
836 2459 1024 2513 concursus,
1037 2458 1115 2520 pru·

106 2522 220 2583 sertim
241 2521 431 2584 immediati.

106 2647 177 2709 408.
192 2681 232 2692 -
245 2649 352 2708 'lassis
368 2648 390 2707 l.
413 2650 499 2707 Deus
529 2662 592 2722 per
625 2663 659 2708 se
685 2653 715 2708 et
742 2649 927 2709 immediate
948 2648 1055 2721 instuit
1081 2648 1116 2707 in

147 2743 273 2787 omnem
297 2728 459 2807 ⁴actionem
492 2731 661 2801 mouture,
698 2745 756 2789 acc
784 2728 906 2803 sufficit
942 2741 1117 2787 concursus

145 2808 316 2868 mediatur.

148 2924 238 2983 Noto.
253 2925 322 2984 Haec
335 2920 512 2999 propositio
529 2924 579 2983 est
588 2922 634 2983 ita
645 2922 829 2982 communis
840 2918 929 2998 apud
942 2918 1115 2996 theologos

108 3007 142 3063 et
155 3002 379 3079 philosophos
396 3000 487 3082 quod
501 3002 621 3063 suarez
634 2998 797 3063 affirmare
825 3016 897 3063 non
922 2996 1118 3061 dubitaverit

109 3154 178 3205 nicat
190 3170 263 3218 aqrrae
280 3155 390 3204 calorem
404 3158 429 3203 et
439 3152 491 3203 vim
504 3152 677 3216 calefaciendi,
690 3159 717 3204 et
729 3169 775 3216 per
788 3167 844 3203 eam
868 3152 1006 3204 calefacere
1029 3155 1119 3224 postea

108 3217 211 3327 gignor.
223 3218 256 3267 lit
270 3217 312 3266 hic
325 3231 464 3265 concursus
475 3216 557 3281 magis
569 3216 672 3281 proprie
682 3216 776 3267 dicitur
797 3216 923 3266 mediatos
936 3230 1012 3279 quam
1027 3226 1119 3265 imme-

151 3283 202 3328 tus.

139 3340 165 3390 3⁰
178 3338 370 3389 Immediatione
384 3340 492 3389 uirtutis
504 3344 531 3389 et
540 3342 670 3403 suppositi
683 3338 767 3402 simul,
781 3339 881 3405 quando
895 3338 980 3403 aliqua
989 3354 1064 3389 causa
1073 3336 1119 3387 tri·

109 3403 164 3451 buit
176 3402 250 3451 alteri
264 3402 384 3450 virtutem
396 3401 581 3465 productivum,
591 3400 729 3465 etinsuper
742 3416 800 3451 cum
814 3417 844 3452 ea
858 3400 972 3451 effectum
987 3400 1116 3466 producit.

141 3464 191 3514 Sed
217 3461 313 3512 relictis
325 3462 375 3511 illis
399 3462 513 3512 obscuris
539 3463 753 3520 distinctionibus,
777 3479 823 3528 per
849 3478 1000 3513 concursum
1027 3462 1119 3512 imme·

110 3524 208 3577 diatum
220 3523 386 3597 intelligimus
398 3522 471 3574 illum
493 3529 594 3575 tontum
607 3524 691 3590 quiin
705 3528 839 3576 actionem
856 3534 881 3575 ct
903 3527 1021 3591 effectum
1036 3536 1118 3574 causae

110 3586 223 3637 mundae
235 3586 328 3641 rnflmt.
343 3592 369 3636 et
381 3600 434 3635 non
457 3590 556 3636 tantum
578 3588 705 3639 movendo
726 3588 759 3639 sd
778 3587 904 3653 agendum
927 3588 967 3637 vel
989 3586 1074 3637 dando
1093 3587 1120 3633 et

110 3652 285 3700 mnssrvando
297 3647 443 3699 fscmtatem
450 3648 552 3710 agendi.
