2650 4242
462 259 580 304 nomen
599 261 673 304 rurs
694 262 727 307 n.
1046 247 1104 306 lm·

79 389 202 434 norma
221 374 256 435 ln
279 373 349 434 vitae
367 390 477 435 usura.
507 375 606 451 Atqui
628 373 821 454 hujusmodi
847 380 898 436 est
921 375 1105 436 auctoritas

79 453 186 513 etiam
202 470 268 513 non
290 457 397 529 plena.
413 455 498 532 Ergo
513 455 580 514 bec
600 460 775 516 auctoritas
802 460 958 532 tauquam
985 471 1104 516 norma

80 536 116 593 in
132 534 307 594 ordinariis
329 535 398 594 vitae
413 535 660 610 operationibus
675 536 788 596 baberi
805 534 914 596 debet.

123 615 523 688 Probaturminorquoud
536 617 584 675 1²⁰²
601 621 740 690 purtem.
761 619 773 676 l
788 616 1022 676 Auctoritatem
1032 616 1103 691 ple=

80 707 228 770 rumque
262 708 330 753 non
353 693 478 762 fallere,
510 699 639 756 constat
670 696 873 771 experientia
902 701 936 755 et
957 696 1096 757 ratione.

82 773 214 834 Etenim
245 775 271 833 l.
308 773 511 848 experientia
539 776 671 850 propria
699 790 925 852 saepenumero
947 791 1104 850 compro-1

83 853 209 931 bamus
226 851 398 914 veritatem
420 855 469 914 rei
496 859 641 914 narratae.
659 857 689 916 2.
707 857 797 916 [tatio
815 855 914 918 docet
934 854 1102 916 bominem

85 937 205 993 natura
220 935 436 994 suainclinari
451 932 494 994 ad
510 935 678 996 veritatem
695 937 889 1004 testandam,
907 950 945 994 ac
960 934 1102 1010 proinde

86 1029 154 1072 nou
172 1013 300 1081 mentiri
310 1014 383 1073 sine
394 1015 526 1074 motivo.
543 1013 640 1075 Porro
654 1013 735 1074 illud
751 1016 908 1075 motivum
918 1014 1101 1075 mentiendi

83 1095 230 1169 gratuito
253 1094 396 1169 supponi
418 1095 533 1169 nequit
546 1094 580 1152 in
600 1095 732 1154 bomine
756 1093 843 1171 frugi
864 1101 898 1154 et
926 1097 1100 1166 coiistanti,¹

84 1174 201 1250 inquo
218 1177 269 1232 est
287 1173 434 1248 probitas
448 1175 642 1238 ordinario:
657 1190 768 1250 neque
783 1177 881 1235 etiarn
895 1178 1006 1250 potest
1018 1191 1098 1250 sup-

85 1255 168 1326 poni
188 1252 221 1311 in
236 1253 385 1329 quolibet
405 1253 537 1313 bomine
553 1257 610 1330 qui
631 1254 799 1324 damnum,
817 1258 875 1315 aut
889 1254 1005 1313 saltem
1029 1256 1100 1314 nul·

84 1333 156 1391 lum
167 1331 377 1391 commodum
406 1348 446 1391 ex
460 1333 634 1394 mendacio
649 1335 844 1405 retraheret,
861 1339 897 1394 ut
916 1335 1101 1412 generatim

84 1412 263 1489 contingit:
287 1411 405 1488 inipso
423 1414 511 1472 enim
526 1417 576 1472 est
603 1413 747 1488 probitas
763 1413 861 1474 veluti
877 1419 997 1474 concta.
1014 1415 1101 1491 Ergo

83 1495 263 1552 auctoritas
289 1507 515 1567 sepenumero
539 1508 607 1552 non
627 1489 719 1566 fallit,
736 1510 775 1554 ac
791 1492 929 1568 proinde
945 1494 977 1552 in
998 1494 1102 1554 rebus

83 1574 157 1630 vite
177 1569 350 1631 ordinariis
366 1576 466 1632 testes
481 1571 665 1656 generatim
679 1573 804 1633 habent
817 1573 1039 1633 veracitatem.

124 1651 158 1710 2·
177 1651 257 1712 Pars
269 1653 404 1712 rimeris
425 1650 486 1713 fuit
507 1657 604 1712 antea
625 1653 763 1727 probata
785 1653 957 1730 (tot-203).

125 1729 228 1808 lgitur
268 1730 451 1810 generatim
495 1732 724 1792 concludimus
768 1731 868 1793 fidem
914 1733 1101 1793 auctoritati

84 1809 249 1881 humane,
284 1811 412 1871 etiamsi
444 1827 510 1871 non
542 1827 676 1888 semper
709 1827 843 1872 omnem
878 1811 1099 1889 suspicionem

84 1891 208 1950 erroris
229 1894 263 1950 et
287 1889 491 1966 deceptionis
512 1895 691 1962 removeat,
715 1907 789 1952 esse
819 1896 929 1952 tamen
950 1906 1099 1952 normam

82 1970 286 2044 prudentem
306 1972 339 2030 in
356 1968 537 2048 judicando
562 1971 760 2050 elegendo.
784 1973 839 2032 Est
861 1974 949 2033 enim
983 1972 1100 2047 reputa

77 2053 261 2123 perfectior
282 2066 352 2127 que
373 2051 486 2111 baberi
500 2051 604 2127 possit
623 2052 657 2112 in
679 2052 769 2112 hisce
785 2051 958 2131 adjunctis,
973 2050 1006 2111 in
1025 2053 1096 2129 qui-

79 2129 147 2267 ἕως
170 2134 279 2190 tamen
302 2146 399 2192 nemo
422 2148 441 2191 a
457 2130 639 2209 judicando
656 2137 690 2192 et
710 2130 842 2212 agendo
859 2145 993 2209 prorsus
1008 2131 1096 2192 cobi-

105 2209 156 2270 eri
175 2213 298 2287 potest.
1083 2225 1085 2230 ·

79 2333 153 2394 208.
178 2366 217 2376 —·
238 2335 346 2394 Transis
368 2335 404 2395 ll.
431 2336 657 2395 Testimonium
681 2335 938 2406 historicorum
966 2335 1103 2409 quibus·

121 2415 202 2472 dnm
224 2416 396 2488 adjunctis,
426 2431 551 2474 omnem
571 2415 783 2488 formidinem
807 2416 931 2475 erroris
954 2414 1098 2476 excludit

121 2498 153 2552 et
165 2494 268 2568 pipnit
283 2495 505 2554 certitudinem
514 2497 652 2570 proprie
666 2496 798 2556 dictum.

121 2608 298 2669 Probatur.
329 2610 368 2671 Ut
390 2611 613 2670 testimonium
638 2609 772 2684 plenam
798 2609 875 2687 jure
904 2605 1005 2669 fidem
1036 2608 1098 2671 sibi

80 2685 237 2758 vindicet,
258 2689 435 2765 requiritur
454 2693 491 2750 ut
511 2693 641 2750 constet
664 2692 693 2750 l⁰
713 2688 754 2748 dc
776 2689 913 2749 scientia
937 2693 1037 2759 certa,
1064 2696 1098 2749 et

79 2769 114 2828 2⁰
135 2766 179 2827 de
201 2768 382 2846 veriloquio
414 2785 455 2829 ex
485 2774 579 2845 parte
612 2769 756 2829 testium.
789 2768 887 2846 Atqui
917 2768 1095 2845 aliquando

81 2863 125 2906 ex
147 2845 314 2926 adJ'unctis
345 2849 526 2912 certissime
558 2853 688 2909 constat
719 2847 761 2908 de
792 2854 945 2924 utroque.
971 2849 1096 2926 Ergo...

78 2926 186 3005 Major
206 2943 316 3004 perse
339 2933 478 2998 constat,
501 2943 577 2988 nam
597 2925 722 2988 factum
746 2928 987 3006 cognoscitura
1004 2929 1096 2991 nobis

79 3010 119 3065 ut
141 3008 291 3084 contigit,
329 3010 359 3068 l⁰
393 3006 526 3086 quando
568 3013 670 3068 testes
711 3024 778 3068 non
814 3007 1023 3083 decipiuntur
1063 3012 1096 3071 in

80 3087 272 3162 cognitione
304 3088 402 3167 hujus
442 3086 531 3157 iacti,
566 3103 628 3148 seu
654 3087 737 3148 illud
768 3093 972 3164 cognoscunt
1002 3089 1097 3151 sicuti

78 3181 202 3240 reapse
224 3168 347 3240 evenit;
373 3173 473 3244 atque
503 3170 535 3227 2³
564 3167 698 3244 quando
726 3168 853 3227 nullum
885 3173 936 3228 est
958 3168 1096 3229 menda-

79 3246 170 3305 cium
183 3247 218 3306 in
242 3246 480 3308 testificatione.
504 3247 689 3308 Dummodo
706 3250 835 3308 constet
857 3245 898 3307 de
919 3250 1049 3309 scientie
1064 3253 1098 3309 et

76 3329 257 3386 veracitate
278 3330 422 3398 testium,
448 3331 577 3388 constat
599 3330 698 3388 etiam
721 3326 865 3387 delacio
887 3332 1028 3388 narrate.

120 3405 223 3465 Minor
244 3404 373 3468 duabus
402 3407 549 3484 partibus
580 3407 736 3468 coalescit
766 3423 848 3484 quas
873 3405 989 3467 ordine
1018 3406 1092 3469 ads-

78 3487 240 3546 truemus.
372 3514 375 3520 ¹

119 3566 216 3626 Proh.
257 3567 285 3627 l·
299 3583 383 3641 pars
410 3569 556 3641 minoris,
579 3566 703 3628 scilicet
725 3565 767 3628 de
801 3568 933 3629 scientie
967 3570 1094 3628 testium

78 3648 233 3708 constare
253 3663 365 3723 posse.
