<?xml version="1.0" encoding="UTF-8"?>
<!DOCTYPE html PUBLIC "-//W3C//DTD XHTML 1.0 Transitional//EN"
    "http://www.w3.org/TR/xhtml1/DTD/xhtml1-transitional.dtd">
<html xmlns="http://www.w3.org/1999/xhtml" xml:lang="en" lang="en">
 <head>
  <title>
</title>
<meta http-equiv="Content-Type" content="text/html;charset=utf-8" />
  <meta name='ocr-system' content='tesseract 3.04.00' />
  <meta name='ocr-capabilities' content='ocr_page ocr_carea ocr_par ocr_line ocrx_word'/>
</head>
<body>
  <div class='ocr_page' id='page_1' title='image "./brevariumphilos01grangoog_0274.png"; bbox 0 0 2650 4242; ppageno 0'>
   <div class='ocr_carea' id='block_1_1' title="bbox 220 204 919 267">
    <p class='ocr_par' dir='ltr' id='par_1_1' title="bbox 220 204 919 267">
     <span class='ocr_line' id='line_1_1' title="bbox 220 204 919 267; baseline -0.004 -2"><span class='ocrx_word' id='word_1_1' title='bbox 220 204 281 266; x_wconf 73' lang='lat'>256</span> <span class='ocrx_word' id='word_1_2' title='bbox 526 223 704 267; x_wconf 78' lang='lat' dir='ltr'>anavraanm</span> <span class='ocrx_word' id='word_1_3' title='bbox 724 216 919 265; x_wconf 77' lang='lat' dir='ltr'>PttlLOSOPtlIAE</span> 
     </span>
    </p>
   </div>
   <div class='ocr_carea' id='block_1_2' title="bbox 217 332 1234 2415">
    <p class='ocr_par' dir='ltr' id='par_1_2' title="bbox 217 332 1232 892">
     <span class='ocr_line' id='line_1_2' title="bbox 217 332 1225 415; baseline -0.001 -18"><span class='ocrx_word' id='word_1_4' title='bbox 217 335 323 413; x_wconf 89' lang='lat' dir='ltr'>possit</span> <span class='ocrx_word' id='word_1_5' title='bbox 336 334 487 411; x_wconf 88' lang='lat' dir='ltr'>recipere</span> <span class='ocrx_word' id='word_1_6' title='bbox 509 338 563 397; x_wconf 91' lang='lat' dir='ltr'>vel</span> <span class='ocrx_word' id='word_1_7' title='bbox 586 338 736 398; x_wconf 90' lang='lat' dir='ltr'>amittere</span> <span class='ocrx_word' id='word_1_8' title='bbox 761 337 904 415; x_wconf 84' lang='lat' dir='ltr'>aliquam</span> <span class='ocrx_word' id='word_1_9' title='bbox 928 332 1225 412; x_wconf 84' lang='lat' dir='ltr'>perlectionemin-</span> 
     </span>
     <span class='ocr_line' id='line_1_3' title="bbox 221 414 1229 479; baseline 0 -2"><span class='ocrx_word' id='word_1_10' title='bbox 221 418 409 477; x_wconf 88' lang='lat' dir='ltr'>trinsecam.</span> <span class='ocrx_word' id='word_1_11' title='bbox 425 417 621 479; x_wconf 88' lang='lat' dir='ltr'>Mutabilitas</span> <span class='ocrx_word' id='word_1_12' title='bbox 636 420 819 479; x_wconf 76' lang='lat' dir='ltr'>extrinseco</span> <span class='ocrx_word' id='word_1_13' title='bbox 834 414 982 477; x_wconf 73' lang='lat' dir='ltr'>consistit</span> <span class='ocrx_word' id='word_1_14' title='bbox 995 416 1030 475; x_wconf 93' lang='lat' dir='ltr'>in</span> <span class='ocrx_word' id='word_1_15' title='bbox 1047 414 1172 475; x_wconf 90' lang='lat' dir='ltr'>diverso</span> <span class='ocrx_word' id='word_1_16' title='bbox 1184 432 1229 477; x_wconf 92' lang='lat' dir='ltr'>or-</span> 
     </span>
     <span class='ocr_line' id='line_1_4' title="bbox 220 492 1228 575; baseline 0 -18"><span class='ocrx_word' id='word_1_17' title='bbox 220 494 298 557; x_wconf 83' lang='lat' dir='ltr'>dine</span> <span class='ocrx_word' id='word_1_18' title='bbox 313 511 414 573; x_wconf 88' lang='lat' dir='ltr'>quem</span> <span class='ocrx_word' id='word_1_19' title='bbox 429 512 487 556; x_wconf 88' lang='lat' dir='ltr'>ens</span> <span class='ocrx_word' id='word_1_20' title='bbox 503 501 651 575; x_wconf 89' lang='lat' dir='ltr'>recipere</span> <span class='ocrx_word' id='word_1_21' title='bbox 664 499 716 559; x_wconf 92' lang='lat' dir='ltr'>vel</span> <span class='ocrx_word' id='word_1_22' title='bbox 728 501 877 561; x_wconf 89' lang='lat' dir='ltr'>amittere</span> <span class='ocrx_word' id='word_1_23' title='bbox 889 498 1000 572; x_wconf 89' lang='lat' dir='ltr'>potest</span> <span class='ocrx_word' id='word_1_24' title='bbox 1010 492 1125 556; x_wconf 89' lang='lat' dir='ltr'>adalia</span> <span class='ocrx_word' id='word_1_25' title='bbox 1135 496 1228 557; x_wconf 92' lang='lat' dir='ltr'>entia.</span> 
     </span>
     <span class='ocr_line' id='line_1_5' title="bbox 219 574 1229 655; baseline 0 -17"><span class='ocrx_word' id='word_1_26' title='bbox 219 578 277 639; x_wconf 82' lang='lat' dir='ltr'>Ex.</span> <span class='ocrx_word' id='word_1_27' title='bbox 297 574 454 655; x_wconf 88' lang='lat' dir='ltr'>:quando</span> <span class='ocrx_word' id='word_1_28' title='bbox 481 579 555 653; x_wconf 88' lang='lat' dir='ltr'>quis</span> <span class='ocrx_word' id='word_1_29' title='bbox 579 594 620 638; x_wconf 86' lang='lat' dir='ltr'>ex</span> <span class='ocrx_word' id='word_1_30' title='bbox 642 575 776 639; x_wconf 93' lang='lat' dir='ltr'>indocto</span> <span class='ocrx_word' id='word_1_31' title='bbox 793 574 903 638; x_wconf 92' lang='lat' dir='ltr'>evadit</span> <span class='ocrx_word' id='word_1_32' title='bbox 919 574 1047 647; x_wconf 73' lang='lat' dir='ltr'>doctus</span> <span class='ocrx_word' id='word_1_33' title='bbox 1064 574 1100 635; x_wconf 91' lang='lat' dir='ltr'>fit</span> <span class='ocrx_word' id='word_1_34' title='bbox 1121 574 1155 635; x_wconf 92' lang='lat' dir='ltr'>in</span> <span class='ocrx_word' id='word_1_35' title='bbox 1179 576 1229 638; x_wconf 90' lang='lat' dir='ltr'>illo</span> 
     </span>
     <span class='ocr_line' id='line_1_6' title="bbox 220 654 1230 736; baseline -0.001 -19"><span class='ocrx_word' id='word_1_36' title='bbox 220 656 356 717; x_wconf 84' lang='lat' dir='ltr'>mutatio</span> <span class='ocrx_word' id='word_1_37' title='bbox 370 656 562 730; x_wconf 89' lang='lat' dir='ltr'>intrinseca;</span> <span class='ocrx_word' id='word_1_38' title='bbox 579 657 712 736; x_wconf 88' lang='lat' dir='ltr'>quando</span> <span class='ocrx_word' id='word_1_39' title='bbox 729 657 801 735; x_wconf 91' lang='lat' dir='ltr'>quis</span> <span class='ocrx_word' id='word_1_40' title='bbox 826 674 844 717; x_wconf 86' lang='lat' dir='ltr'>a</span> <span class='ocrx_word' id='word_1_41' title='bbox 870 654 1006 715; x_wconf 86' lang='lat' dir='ltr'>dextera</span> <span class='ocrx_word' id='word_1_42' title='bbox 1029 654 1165 733; x_wconf 86' lang='lat' dir='ltr'>alicujus</span> <span class='ocrx_word' id='word_1_43' title='bbox 1177 655 1230 716; x_wconf 90' lang='lat' dir='ltr'>lm-</span> 
     </span>
     <span class='ocr_line' id='line_1_7' title="bbox 220 736 1232 812; baseline -0.001 -14"><span class='ocrx_word' id='word_1_44' title='bbox 220 739 318 798; x_wconf 90' lang='lat' dir='ltr'>minis</span> <span class='ocrx_word' id='word_1_45' title='bbox 332 752 368 797; x_wconf 89' lang='lat' dir='ltr'>se</span> <span class='ocrx_word' id='word_1_46' title='bbox 383 736 479 797; x_wconf 91' lang='lat' dir='ltr'>vertit</span> <span class='ocrx_word' id='word_1_47' title='bbox 493 736 536 797; x_wconf 92' lang='lat' dir='ltr'>ad</span> <span class='ocrx_word' id='word_1_48' title='bbox 550 738 722 811; x_wconf 89' lang='lat' dir='ltr'>sinistram,</span> <span class='ocrx_word' id='word_1_49' title='bbox 736 736 773 799; x_wconf 85' lang='lat' dir='ltr'>fit</span> <span class='ocrx_word' id='word_1_50' title='bbox 787 736 922 798; x_wconf 91' lang='lat' dir='ltr'>mutatio</span> <span class='ocrx_word' id='word_1_51' title='bbox 934 736 1134 808; x_wconf 83' lang='lat' dir='ltr'>extrinseca3</span> <span class='ocrx_word' id='word_1_52' title='bbox 1148 736 1232 812; x_wconf 88' lang='lat' dir='ltr'>prior</span> 
     </span>
     <span class='ocr_line' id='line_1_8' title="bbox 222 816 610 892; baseline 0 -15"><span class='ocrx_word' id='word_1_53' title='bbox 222 824 395 892; x_wconf 90' lang='lat' dir='ltr'>respectus</span> <span class='ocrx_word' id='word_1_54' title='bbox 409 816 610 878; x_wconf 87' lang='lat' dir='ltr'>immutatur.</span> 
     </span>
    </p>

    <p class='ocr_par' dir='ltr' id='par_1_3' title="bbox 222 895 1230 1214">
     <span class='ocr_line' id='line_1_9' title="bbox 260 895 1228 968; baseline -0.004 -10"><span class='ocrx_word' id='word_1_55' title='bbox 260 898 293 958; x_wconf 73' lang='lat'>2⁰</span> <span class='ocrx_word' id='word_1_56' title='bbox 307 896 553 958; x_wconf 77' lang='lat' dir='ltr'>immutabilitas</span> <span class='ocrx_word' id='word_1_57' title='bbox 569 899 621 958; x_wconf 92' lang='lat' dir='ltr'>vel</span> <span class='ocrx_word' id='word_1_58' title='bbox 634 895 845 968; x_wconf 83' lang='lat' dir='ltr'>mutabilitas,</span> <span class='ocrx_word' id='word_1_59' title='bbox 862 909 927 955; x_wconf 93' lang='lat' dir='ltr'>non</span> <span class='ocrx_word' id='word_1_60' title='bbox 943 910 1043 955; x_wconf 90' lang='lat' dir='ltr'>secus</span> <span class='ocrx_word' id='word_1_61' title='bbox 1056 911 1095 956; x_wconf 88' lang='lat' dir='ltr'>ae</span> <span class='ocrx_word' id='word_1_62' title='bbox 1117 910 1228 955; x_wconf 90' lang='lat' dir='ltr'>neces-</span> 
     </span>
     <span class='ocr_line' id='line_1_10' title="bbox 222 973 1229 1055; baseline -0.005 -17"><span class='ocrx_word' id='word_1_63' title='bbox 222 976 301 1038; x_wconf 86' lang='lat' dir='ltr'>sitas</span> <span class='ocrx_word' id='word_1_64' title='bbox 316 981 350 1037; x_wconf 91' lang='lat' dir='ltr'>et</span> <span class='ocrx_word' id='word_1_65' title='bbox 364 977 600 1055; x_wconf 80' lang='lat' dir='ltr'>contingentia,</span> <span class='ocrx_word' id='word_1_66' title='bbox 616 977 758 1054; x_wconf 90' lang='lat' dir='ltr'>spectari</span> <span class='ocrx_word' id='word_1_67' title='bbox 772 979 912 1054; x_wconf 85' lang='lat' dir='ltr'>possunt</span> <span class='ocrx_word' id='word_1_68' title='bbox 923 973 1034 1053; x_wconf 89' lang='lat' dir='ltr'>quoad</span> <span class='ocrx_word' id='word_1_69' title='bbox 1048 976 1229 1045; x_wconf 89' lang='lat' dir='ltr'>essentiam,</span> 
     </span>
     <span class='ocr_line' id='line_1_11' title="bbox 223 1054 1230 1134; baseline -0.002 -17"><span class='ocrx_word' id='word_1_70' title='bbox 223 1055 334 1133; x_wconf 90' lang='lat' dir='ltr'>quoad</span> <span class='ocrx_word' id='word_1_71' title='bbox 348 1057 567 1127; x_wconf 82' lang='lat' dir='ltr'>existentiam,</span> <span class='ocrx_word' id='word_1_72' title='bbox 584 1062 618 1118; x_wconf 92' lang='lat' dir='ltr'>et</span> <span class='ocrx_word' id='word_1_73' title='bbox 629 1055 740 1134; x_wconf 90' lang='lat' dir='ltr'>quoad</span> <span class='ocrx_word' id='word_1_74' title='bbox 753 1056 992 1133; x_wconf 85' lang='lat' dir='ltr'>operationem,</span> <span class='ocrx_word' id='word_1_75' title='bbox 1007 1054 1041 1116; x_wconf 92' lang='lat' dir='ltr'>id</span> <span class='ocrx_word' id='word_1_76' title='bbox 1054 1060 1115 1129; x_wconf 90' lang='lat' dir='ltr'>est,</span> <span class='ocrx_word' id='word_1_77' title='bbox 1127 1054 1230 1131; x_wconf 89' lang='lat' dir='ltr'>quoad</span> 
     </span>
     <span class='ocr_line' id='line_1_12' title="bbox 222 1136 969 1214; baseline -0.004 -17"><span class='ocrx_word' id='word_1_78' title='bbox 222 1152 264 1197; x_wconf 90' lang='lat' dir='ltr'>ea</span> <span class='ocrx_word' id='word_1_79' title='bbox 278 1138 387 1196; x_wconf 88' lang='lat' dir='ltr'>omnia</span> <span class='ocrx_word' id='word_1_80' title='bbox 402 1152 472 1213; x_wconf 80' lang='lat' dir='ltr'>qua</span> <span class='ocrx_word' id='word_1_81' title='bbox 488 1136 697 1197; x_wconf 86' lang='lat' dir='ltr'>existentiam</span> <span class='ocrx_word' id='word_1_82' title='bbox 712 1142 969 1214; x_wconf 90' lang='lat' dir='ltr'>consequuntur.</span> 
     </span>
    </p>

    <p class='ocr_par' dir='ltr' id='par_1_4' title="bbox 222 1213 1233 1917">
     <span class='ocr_line' id='line_1_13' title="bbox 262 1213 1230 1295; baseline -0.001 -19"><span class='ocrx_word' id='word_1_83' title='bbox 262 1216 332 1277; x_wconf 86' lang='grc'><strong>461.</strong></span> <span class='ocrx_word' id='word_1_84' title='bbox 350 1252 388 1260; x_wconf 93' lang='grc'>-</span> <span class='ocrx_word' id='word_1_85' title='bbox 402 1219 465 1278; x_wconf 85' lang='lat' dir='ltr'>Ens</span> <span class='ocrx_word' id='word_1_86' title='bbox 481 1216 571 1295; x_wconf 89' lang='lat' dir='ltr'>quod</span> <span class='ocrx_word' id='word_1_87' title='bbox 586 1218 803 1277; x_wconf 90' lang='lat' dir='ltr'>mutationem</span> <span class='ocrx_word' id='word_1_88' title='bbox 824 1232 892 1277; x_wconf 93' lang='lat' dir='ltr'>non</span> <span class='ocrx_word' id='word_1_89' title='bbox 907 1216 1018 1288; x_wconf 91' lang='lat' dir='ltr'>subiit,</span> <span class='ocrx_word' id='word_1_90' title='bbox 1035 1213 1154 1275; x_wconf 89' lang='lat' dir='ltr'>dicitur</span> <span class='ocrx_word' id='word_1_91' title='bbox 1175 1213 1230 1275; x_wconf 84' lang='lat' dir='ltr'>sibi</span> 
     </span>
     <span class='ocr_line' id='line_1_14' title="bbox 222 1294 1230 1371; baseline -0.003 -15"><span class='ocrx_word' id='word_1_92' title='bbox 222 1294 414 1357; x_wconf 82' lang='lat' dir='ltr'>identioum.</span> <span class='ocrx_word' id='word_1_93' title='bbox 432 1297 464 1356; x_wconf 88' lang='lat' dir='ltr'>Si</span> <span class='ocrx_word' id='word_1_94' title='bbox 478 1297 545 1357; x_wconf 79' lang='lat' dir='ltr'>hac</span> <span class='ocrx_word' id='word_1_95' title='bbox 559 1296 715 1357; x_wconf 88' lang='lat' dir='ltr'>identitas</span> <span class='ocrx_word' id='word_1_96' title='bbox 730 1294 952 1357; x_wconf 91' lang='lat' dir='ltr'>omnimodam</span> <span class='ocrx_word' id='word_1_97' title='bbox 966 1294 1106 1371; x_wconf 89' lang='lat' dir='ltr'>repellat</span> <span class='ocrx_word' id='word_1_98' title='bbox 1129 1298 1230 1354; x_wconf 92' lang='lat' dir='ltr'>muta-</span> 
     </span>
     <span class='ocr_line' id='line_1_15' title="bbox 227 1372 1231 1452; baseline -0.004 -15"><span class='ocrx_word' id='word_1_99' title='bbox 227 1377 363 1447; x_wconf 88' lang='lat' dir='ltr'>tionem,</span> <span class='ocrx_word' id='word_1_100' title='bbox 380 1376 498 1439; x_wconf 90' lang='lat' dir='ltr'>dicitur</span> <span class='ocrx_word' id='word_1_101' title='bbox 516 1376 679 1449; x_wconf 59' lang='lat' dir='ltr'>abablium</span> <span class='ocrx_word' id='word_1_102' title='bbox 703 1378 730 1437; x_wconf 91' lang='lat' dir='ltr'>si</span> <span class='ocrx_word' id='word_1_103' title='bbox 754 1377 786 1436; x_wconf 90' lang='lat' dir='ltr'>in</span> <span class='ocrx_word' id='word_1_104' title='bbox 811 1380 887 1436; x_wconf 87' lang='lat' dir='ltr'>ente</span> <span class='ocrx_word' id='word_1_105' title='bbox 911 1375 1021 1452; x_wconf 88' lang='lat' dir='ltr'>aliqua</span> <span class='ocrx_word' id='word_1_106' title='bbox 1043 1372 1079 1434; x_wconf 90' lang='lat' dir='ltr'>fit</span> <span class='ocrx_word' id='word_1_107' title='bbox 1102 1374 1231 1434; x_wconf 87' lang='lat' dir='ltr'>mutatio</span> 
     </span>
     <span class='ocr_line' id='line_1_16' title="bbox 226 1451 1232 1535; baseline -0.004 -19"><span class='ocrx_word' id='word_1_108' title='bbox 226 1471 298 1533; x_wconf 85' lang='lat' dir='ltr'>quae</span> <span class='ocrx_word' id='word_1_109' title='bbox 314 1460 425 1517; x_wconf 88' lang='lat' dir='ltr'>tamen</span> <span class='ocrx_word' id='word_1_110' title='bbox 440 1472 576 1517; x_wconf 91' lang='lat' dir='ltr'>sensum</span> <span class='ocrx_word' id='word_1_111' title='bbox 591 1456 738 1535; x_wconf 83' lang='lat' dir='ltr'>effugiat,</span> <span class='ocrx_word' id='word_1_112' title='bbox 753 1455 909 1517; x_wconf 86' lang='lat' dir='ltr'>identitas</span> <span class='ocrx_word' id='word_1_113' title='bbox 934 1459 995 1517; x_wconf 91' lang='lat' dir='ltr'>erit</span> <span class='ocrx_word' id='word_1_114' title='bbox 1016 1452 1173 1527; x_wconf 58' lang='lat' dir='ltr'>relative·</span> <span class='ocrx_word' id='word_1_115' title='bbox 1183 1451 1232 1513; x_wconf 93' lang='lat' dir='ltr'>de-</span> 
     </span>
     <span class='ocr_line' id='line_1_17' title="bbox 224 1534 1233 1613; baseline -0.005 -16"><span class='ocrx_word' id='word_1_116' title='bbox 224 1536 369 1613; x_wconf 76' lang='lat' dir='ltr'>nique‘si</span> <span class='ocrx_word' id='word_1_117' title='bbox 384 1536 508 1613; x_wconf 89' lang='lat' dir='ltr'>aliquid</span> <span class='ocrx_word' id='word_1_118' title='bbox 523 1536 628 1597; x_wconf 85' lang='lat' dir='ltr'>varias</span> <span class='ocrx_word' id='word_1_119' title='bbox 643 1536 742 1597; x_wconf 89' lang='lat' dir='ltr'>subiit</span> <span class='ocrx_word' id='word_1_120' title='bbox 755 1536 967 1609; x_wconf 88' lang='lat' dir='ltr'>mutationes,</span> <span class='ocrx_word' id='word_1_121' title='bbox 985 1550 1055 1613; x_wconf 82' lang='lat' dir='ltr'>qua</span> <span class='ocrx_word' id='word_1_122' title='bbox 1078 1534 1140 1593; x_wconf 90' lang='lat' dir='ltr'>sub</span> <span class='ocrx_word' id='word_1_123' title='bbox 1166 1548 1233 1593; x_wconf 91' lang='lat' dir='ltr'>sen·</span> 
     </span>
     <span class='ocr_line' id='line_1_18' title="bbox 225 1612 1233 1685; baseline -0.004 -9"><span class='ocrx_word' id='word_1_124' title='bbox 225 1632 283 1676; x_wconf 90' lang='lat' dir='ltr'>sus</span> <span class='ocrx_word' id='word_1_125' title='bbox 299 1614 433 1685; x_wconf 88' lang='lat' dir='ltr'>cadunt,</span> <span class='ocrx_word' id='word_1_126' title='bbox 450 1620 485 1676; x_wconf 89' lang='lat' dir='ltr'>et</span> <span class='ocrx_word' id='word_1_127' title='bbox 499 1617 656 1677; x_wconf 89' lang='lat' dir='ltr'>tamenin</span> <span class='ocrx_word' id='word_1_128' title='bbox 672 1615 1016 1677; x_wconf 89' lang='lat' dir='ltr'>communihominum</span> <span class='ocrx_word' id='word_1_129' title='bbox 1026 1612 1233 1675; x_wconf 87' lang='lat' dir='ltr'>aestimatione</span> 
     </span>
     <span class='ocr_line' id='line_1_19' title="bbox 223 1691 1231 1769; baseline -0.005 -13"><span class='ocrx_word' id='word_1_130' title='bbox 223 1694 306 1756; x_wconf 92' lang='lat' dir='ltr'>illud</span> <span class='ocrx_word' id='word_1_131' title='bbox 319 1704 357 1757; x_wconf 93' lang='lat' dir='ltr'>ut</span> <span class='ocrx_word' id='word_1_132' title='bbox 370 1696 461 1757; x_wconf 89' lang='lat' dir='ltr'>idem</span> <span class='ocrx_word' id='word_1_133' title='bbox 474 1696 645 1769; x_wconf 82' lang='lat' dir='ltr'>habeatur,</span> <span class='ocrx_word' id='word_1_134' title='bbox 671 1696 739 1757; x_wconf 76' lang='lat' dir='ltr'>llaec</span> <span class='ocrx_word' id='word_1_135' title='bbox 760 1693 917 1755; x_wconf 90' lang='lat' dir='ltr'>identitas</span> <span class='ocrx_word' id='word_1_136' title='bbox 942 1694 1060 1755; x_wconf 87' lang='lat' dir='ltr'>dicitur</span> <span class='ocrx_word' id='word_1_137' title='bbox 1083 1691 1231 1763; x_wconf 64' lang='lat' dir='ltr'>moralis</span> 
     </span>
     <span class='ocr_line' id='line_1_20' title="bbox 223 1773 1233 1855; baseline -0.005 -18"><span class='ocrx_word' id='word_1_138' title='bbox 223 1791 255 1837; x_wconf 79' lang='lat' dir='ltr'>v.</span> <span class='ocrx_word' id='word_1_139' title='bbox 271 1792 336 1855; x_wconf 77' lang='lat' dir='ltr'>gn,</span> <span class='ocrx_word' id='word_1_140' title='bbox 351 1773 523 1837; x_wconf 73' lang='lat' dir='ltr'>aedilicium</span> <span class='ocrx_word' id='word_1_141' title='bbox 544 1774 614 1837; x_wconf 87' lang='lat' dir='ltr'>fere</span> <span class='ocrx_word' id='word_1_142' title='bbox 639 1792 682 1835; x_wconf 83' lang='lat' dir='ltr'>ex</span> <span class='ocrx_word' id='word_1_143' title='bbox 705 1776 835 1853; x_wconf 80' lang='lat' dir='ltr'>integro</span> <span class='ocrx_word' id='word_1_144' title='bbox 857 1775 1064 1855; x_wconf 87' lang='lat' dir='ltr'>pedetentim</span> <span class='ocrx_word' id='word_1_145' title='bbox 1077 1777 1233 1834; x_wconf 88' lang='lat' dir='ltr'>restaura·</span> 
     </span>
     <span class='ocr_line' id='line_1_21' title="bbox 226 1854 821 1917; baseline 0.002 -1"><span class='ocrx_word' id='word_1_146' title='bbox 226 1860 295 1917; x_wconf 85' lang='lat' dir='ltr'>tum</span> <span class='ocrx_word' id='word_1_147' title='bbox 311 1861 362 1917; x_wconf 92' lang='lat' dir='ltr'>est</span> <span class='ocrx_word' id='word_1_148' title='bbox 376 1857 543 1917; x_wconf 79' lang='lat' dir='ltr'>moraliter</span> <span class='ocrx_word' id='word_1_149' title='bbox 555 1858 616 1917; x_wconf 91' lang='lat' dir='ltr'>sibi</span> <span class='ocrx_word' id='word_1_150' title='bbox 629 1854 821 1917; x_wconf 89' lang='lat' dir='ltr'>identioum.</span> 
     </span>
    </p>

    <p class='ocr_par' dir='ltr' id='par_1_5' title="bbox 224 1931 1234 2415">
     <span class='ocr_line' id='line_1_22' title="bbox 263 1931 1232 2010; baseline -0.005 -14"><span class='ocrx_word' id='word_1_151' title='bbox 263 1935 337 1997; x_wconf 77' lang='lat'>462.</span> <span class='ocrx_word' id='word_1_152' title='bbox 351 1971 389 1979; x_wconf 93' lang='lat'><em>-</em></span> <span class='ocrx_word' id='word_1_153' title='bbox 404 1936 536 1997; x_wconf 90' lang='lat' dir='ltr'>Mutatio</span> <span class='ocrx_word' id='word_1_154' title='bbox 555 1936 818 1999; x_wconf 86' lang='lat' dir='ltr'>consideratione</span> <span class='ocrx_word' id='word_1_155' title='bbox 835 1939 973 2010; x_wconf 91' lang='lat' dir='ltr'>tantum,</span> <span class='ocrx_word' id='word_1_156' title='bbox 989 1934 1117 1995; x_wconf 87' lang='lat' dir='ltr'>scilicet</span> <span class='ocrx_word' id='word_1_157' title='bbox 1138 1931 1232 1993; x_wconf 90' lang='lat' dir='ltr'>ratio·</span> 
     </span>
     <span class='ocr_line' id='line_1_23' title="bbox 224 2013 1232 2095; baseline -0.004 -22"><span class='ocrx_word' id='word_1_158' title='bbox 224 2029 280 2088; x_wconf 89' lang='lat' dir='ltr'>ne,</span> <span class='ocrx_word' id='word_1_159' title='bbox 298 2015 508 2095; x_wconf 82' lang='lat' dir='ltr'>distinguitur</span> <span class='ocrx_word' id='word_1_160' title='bbox 529 2016 570 2075; x_wconf 90' lang='lat' dir='ltr'>ab</span> <span class='ocrx_word' id='word_1_161' title='bbox 590 2018 721 2078; x_wconf 88' lang='lat' dir='ltr'>actione</span> <span class='ocrx_word' id='word_1_162' title='bbox 742 2019 775 2076; x_wconf 91' lang='lat' dir='ltr'>et</span> <span class='ocrx_word' id='word_1_163' title='bbox 794 2014 959 2093; x_wconf 90' lang='lat' dir='ltr'>passione.</span> <span class='ocrx_word' id='word_1_164' title='bbox 980 2014 1115 2076; x_wconf 91' lang='lat' dir='ltr'>Mutatio</span> <span class='ocrx_word' id='word_1_165' title='bbox 1138 2013 1232 2081; x_wconf 88' lang='lat' dir='ltr'>enim,</span> 
     </span>
     <span class='ocr_line' id='line_1_24' title="bbox 224 2090 1234 2174; baseline -0.004 -19"><span class='ocrx_word' id='word_1_166' title='bbox 224 2100 323 2171; x_wconf 92' lang='lat' dir='ltr'>prout</span> <span class='ocrx_word' id='word_1_167' title='bbox 342 2096 569 2157; x_wconf 89' lang='lat' dir='ltr'>consideratur</span> <span class='ocrx_word' id='word_1_168' title='bbox 581 2097 616 2157; x_wconf 93' lang='lat' dir='ltr'>in</span> <span class='ocrx_word' id='word_1_169' title='bbox 630 2100 752 2174; x_wconf 85' lang='lat' dir='ltr'>agente</span> <span class='ocrx_word' id='word_1_170' title='bbox 768 2096 822 2156; x_wconf 89' lang='lat' dir='ltr'>vel</span> <span class='ocrx_word' id='word_1_171' title='bbox 838 2100 889 2155; x_wconf 91' lang='lat' dir='ltr'>est</span> <span class='ocrx_word' id='word_1_172' title='bbox 907 2096 948 2155; x_wconf 88' lang='lat' dir='ltr'>ab</span> <span class='ocrx_word' id='word_1_173' title='bbox 969 2098 1103 2173; x_wconf 86' lang='lat' dir='ltr'>agente,</span> <span class='ocrx_word' id='word_1_174' title='bbox 1123 2090 1234 2153; x_wconf 86' lang='lat' dir='ltr'>dicitur</span> 
     </span>
     <span class='ocr_line' id='line_1_25' title="bbox 226 2171 1233 2253; baseline -0.003 -20"><span class='ocrx_word' id='word_1_175' title='bbox 226 2177 325 2239; x_wconf 79' lang='lat' dir='ltr'>actio:</span> <span class='ocrx_word' id='word_1_176' title='bbox 341 2180 440 2251; x_wconf 92' lang='lat' dir='ltr'>prout</span> <span class='ocrx_word' id='word_1_177' title='bbox 452 2176 486 2237; x_wconf 93' lang='lat' dir='ltr'>in</span> <span class='ocrx_word' id='word_1_178' title='bbox 500 2177 645 2253; x_wconf 86' lang='lat' dir='ltr'>patiente</span> <span class='ocrx_word' id='word_1_179' title='bbox 661 2193 722 2237; x_wconf 92' lang='lat' dir='ltr'>seu</span> <span class='ocrx_word' id='word_1_180' title='bbox 736 2176 917 2253; x_wconf 88' lang='lat' dir='ltr'>recipiente</span> <span class='ocrx_word' id='word_1_181' title='bbox 933 2178 1095 2237; x_wconf 87' lang='lat' dir='ltr'>actionem</span> <span class='ocrx_word' id='word_1_182' title='bbox 1111 2171 1233 2251; x_wconf 82' lang='lat' dir='ltr'>agentis</span> 
     </span>
     <span class='ocr_line' id='line_1_26' title="bbox 224 2253 1232 2336; baseline -0.004 -21"><span class='ocrx_word' id='word_1_183' title='bbox 224 2259 403 2332; x_wconf 91' lang='lat' dir='ltr'>spectatur,</span> <span class='ocrx_word' id='word_1_184' title='bbox 411 2256 522 2331; x_wconf 80' lang='lat' dir='ltr'>passio</span> <span class='ocrx_word' id='word_1_185' title='bbox 533 2257 735 2334; x_wconf 91' lang='lat' dir='ltr'>appellatur;</span> <span class='ocrx_word' id='word_1_186' title='bbox 750 2261 950 2336; x_wconf 89' lang='lat' dir='ltr'>quapropter</span> <span class='ocrx_word' id='word_1_187' title='bbox 959 2253 1096 2315; x_wconf 90' lang='lat' dir='ltr'>mutatio</span> <span class='ocrx_word' id='word_1_188' title='bbox 1111 2254 1232 2313; x_wconf 84' lang='lat' dir='ltr'>ratione</span> 
     </span>
     <span class='ocr_line' id='line_1_27' title="bbox 225 2335 661 2415; baseline 0.002 -20"><span class='ocrx_word' id='word_1_189' title='bbox 225 2335 267 2396; x_wconf 90' lang='lat' dir='ltr'>ab</span> <span class='ocrx_word' id='word_1_190' title='bbox 281 2340 422 2414; x_wconf 90' lang='lat' dir='ltr'>utraque</span> <span class='ocrx_word' id='word_1_191' title='bbox 440 2335 661 2415; x_wconf 82' lang='lat' dir='ltr'>distinguitur.</span> 
     </span>
    </p>
   </div>
   <div class='ocr_carea' id='block_1_3' title="bbox 256 2462 1203 2538">
    <p class='ocr_par' dir='ltr' id='par_1_6' title="bbox 256 2462 1203 2538">
     <span class='ocr_line' id='line_1_28' title="bbox 256 2462 1203 2538; baseline -0.005 -17"><span class='ocrx_word' id='word_1_192' title='bbox 256 2469 275 2531; x_wconf 65' lang='grc' dir='ltr'><strong>ἓ</strong></span> <span class='ocrx_word' id='word_1_193' title='bbox 290 2467 331 2520; x_wconf 90' lang='lat' dir='ltr'>lll.</span> <span class='ocrx_word' id='word_1_194' title='bbox 347 2468 387 2521; x_wconf 88' lang='lat' dir='ltr'>De</span> <span class='ocrx_word' id='word_1_195' title='bbox 401 2467 522 2521; x_wconf 89' lang='lat' dir='ltr'>notione</span> <span class='ocrx_word' id='word_1_196' title='bbox 536 2467 613 2522; x_wconf 88' lang='lat' dir='ltr'>entis</span> <span class='ocrx_word' id='word_1_197' title='bbox 627 2468 743 2538; x_wconf 84' lang='lat' dir='ltr'>aeterni,</span> <span class='ocrx_word' id='word_1_198' title='bbox 759 2466 895 2521; x_wconf 87' lang='lat' dir='ltr'>aeviterni</span> <span class='ocrx_word' id='word_1_199' title='bbox 910 2468 940 2521; x_wconf 87' lang='lat' dir='ltr'>et</span> <span class='ocrx_word' id='word_1_200' title='bbox 954 2464 1139 2536; x_wconf 87' lang='lat' dir='ltr'>temporanei</span> <span class='ocrx_word' id='word_1_201' title='bbox 1153 2462 1166 2534; x_wconf 92' lang='lat'><em>(</em></span> <span class='ocrx_word' id='word_1_202' title='bbox 1181 2462 1203 2532; x_wconf 87' lang='lat'>).</span> 
     </span>
    </p>
   </div>
   <div class='ocr_carea' id='block_1_4' title="bbox 224 2584 1230 3225">
    <p class='ocr_par' dir='ltr' id='par_1_7' title="bbox 224 2584 1228 2823">
     <span class='ocr_line' id='line_1_29' title="bbox 265 2584 1228 2665; baseline 0.003 -20"><span class='ocrx_word' id='word_1_203' title='bbox 265 2585 336 2647; x_wconf 82' lang='grc'><strong>463.</strong></span> <span class='ocrx_word' id='word_1_204' title='bbox 352 2620 391 2630; x_wconf 85' lang='grc'>-</span> <span class='ocrx_word' id='word_1_205' title='bbox 403 2584 588 2660; x_wconf 88' lang='lat' dir='ltr'>AEtemitas,</span> <span class='ocrx_word' id='word_1_206' title='bbox 601 2603 706 2649; x_wconf 78' lang='lat' dir='ltr'>avum</span> <span class='ocrx_word' id='word_1_207' title='bbox 720 2591 897 2665; x_wconf 17' lang='lat' dir='ltr'>etttempus</span> <span class='ocrx_word' id='word_1_208' title='bbox 911 2591 987 2648; x_wconf 90' lang='lat' dir='ltr'>sunt</span> <span class='ocrx_word' id='word_1_209' title='bbox 1003 2584 1138 2649; x_wconf 80' lang='lat' dir='ltr'>diversa</span> <span class='ocrx_word' id='word_1_210' title='bbox 1160 2597 1228 2665; x_wconf 91' lang='lat' dir='ltr'>spe·</span> 
     </span>
     <span class='ocr_line' id='line_1_30' title="bbox 227 2665 1227 2746; baseline 0 -19"><span class='ocrx_word' id='word_1_211' title='bbox 227 2668 293 2727; x_wconf 85' lang='lat' dir='ltr'>cies</span> <span class='ocrx_word' id='word_1_212' title='bbox 310 2665 502 2728; x_wconf 82' lang='lat' dir='ltr'>durationis.</span> <span class='ocrx_word' id='word_1_213' title='bbox 519 2668 702 2730; x_wconf 75' lang='lat' dir='ltr'>[iurationis</span> <span class='ocrx_word' id='word_1_214' title='bbox 726 2668 859 2728; x_wconf 92' lang='lat' dir='ltr'>nomine</span> <span class='ocrx_word' id='word_1_215' title='bbox 884 2667 1075 2746; x_wconf 83' lang='lat' dir='ltr'>intelligitur</span> <span class='ocrx_word' id='word_1_216' title='bbox 1091 2674 1227 2743; x_wconf 80' lang='lat' dir='ltr'>persece-</span> 
     </span>
     <span class='ocr_line' id='line_1_31' title="bbox 224 2747 1108 2823; baseline 0.003 -16"><span class='ocrx_word' id='word_1_217' title='bbox 224 2748 348 2817; x_wconf 79' lang='lat' dir='ltr'>rcutt&#39;a,</span> <span class='ocrx_word' id='word_1_218' title='bbox 363 2764 420 2807; x_wconf 82' lang='lat' dir='ltr'>seu</span> <span class='ocrx_word' id='word_1_219' title='bbox 430 2748 657 2823; x_wconf 77' lang='lat' dir='ltr'>permanentia</span> <span class='ocrx_word' id='word_1_220' title='bbox 671 2747 723 2807; x_wconf 82' lang='lat' dir='ltr'>ret</span> <span class='ocrx_word' id='word_1_221' title='bbox 733 2747 901 2822; x_wconf 73' lang='lat' dir='ltr'>cujustibet</span> <span class='ocrx_word' id='word_1_222' title='bbox 914 2750 948 2807; x_wconf 80' lang='lat' dir='ltr'>in</span> <span class='ocrx_word' id='word_1_223' title='bbox 962 2764 1017 2808; x_wconf 85' lang='lat' dir='ltr'>suo</span> <span class='ocrx_word' id='word_1_224' title='bbox 1032 2765 1108 2811; x_wconf 86' lang='lat' dir='ltr'>esse.</span> 
     </span>
    </p>

    <p class='ocr_par' dir='ltr' id='par_1_8' title="bbox 227 2822 1229 2985">
     <span class='ocr_line' id='line_1_32' title="bbox 265 2822 1229 2905; baseline 0.002 -19"><span class='ocrx_word' id='word_1_225' title='bbox 265 2828 398 2888; x_wconf 87' lang='lat' dir='ltr'>Duratio</span> <span class='ocrx_word' id='word_1_226' title='bbox 415 2825 619 2887; x_wconf 86' lang='lat' dir='ltr'>distrlbuitur</span> <span class='ocrx_word' id='word_1_227' title='bbox 637 2844 655 2887; x_wconf 91' lang='lat' dir='ltr'>a</span> <span class='ocrx_word' id='word_1_228' title='bbox 680 2828 885 2905; x_wconf 87' lang='lat' dir='ltr'>philosophis</span> <span class='ocrx_word' id='word_1_229' title='bbox 906 2825 939 2887; x_wconf 92' lang='lat' dir='ltr'>in</span> <span class='ocrx_word' id='word_1_230' title='bbox 962 2822 1229 2905; x_wconf 64' lang='lat' dir='ltr'>mercatumque</span> 
     </span>
     <span class='ocr_line' id='line_1_33' title="bbox 227 2905 1207 2985; baseline -0.001 -18"><span class='ocrx_word' id='word_1_231' title='bbox 227 2906 287 2967; x_wconf 89' lang='lat' dir='ltr'>soli</span> <span class='ocrx_word' id='word_1_232' title='bbox 301 2907 369 2966; x_wconf 87' lang='lat' dir='ltr'>Deo</span> <span class='ocrx_word' id='word_1_233' title='bbox 387 2905 549 2974; x_wconf 85' lang='lat' dir='ltr'>convenit,</span> <span class='ocrx_word' id='word_1_234' title='bbox 566 2913 600 2968; x_wconf 93' lang='lat' dir='ltr'>et</span> <span class='ocrx_word' id='word_1_235' title='bbox 614 2911 767 2979; x_wconf 75' lang='lat' dir='ltr'>creatam,</span> <span class='ocrx_word' id='word_1_236' title='bbox 786 2923 856 2984; x_wconf 87' lang='lat' dir='ltr'>quae</span> <span class='ocrx_word' id='word_1_237' title='bbox 871 2910 1029 2969; x_wconf 88' lang='lat' dir='ltr'>creaturis</span> <span class='ocrx_word' id='word_1_238' title='bbox 1044 2910 1207 2985; x_wconf 89' lang='lat' dir='ltr'>competit.</span> 
     </span>
    </p>

    <p class='ocr_par' dir='ltr' id='par_1_9' title="bbox 228 2986 1230 3143">
     <span class='ocr_line' id='line_1_34' title="bbox 266 2986 1230 3063; baseline 0 -18"><span class='ocrx_word' id='word_1_239' title='bbox 266 2987 398 3047; x_wconf 86' lang='lat' dir='ltr'>Duratio</span> <span class='ocrx_word' id='word_1_240' title='bbox 415 2991 525 3048; x_wconf 89' lang='lat' dir='ltr'>creata</span> <span class='ocrx_word' id='word_1_241' title='bbox 538 2986 755 3049; x_wconf 84' lang='lat' dir='ltr'>subdividitur</span> <span class='ocrx_word' id='word_1_242' title='bbox 768 2987 801 3046; x_wconf 93' lang='lat' dir='ltr'>ln</span> <span class='ocrx_word' id='word_1_243' title='bbox 816 3004 919 3047; x_wconf 72' lang='lat' dir='ltr'>eoum</span> <span class='ocrx_word' id='word_1_244' title='bbox 935 2994 966 3049; x_wconf 89' lang='lat' dir='ltr'>et</span> <span class='ocrx_word' id='word_1_245' title='bbox 980 2992 1107 3063; x_wconf 83' lang='lat' dir='ltr'>tempus</span> <span class='ocrx_word' id='word_1_246' title='bbox 1120 2987 1161 3049; x_wconf 90' lang='lat' dir='ltr'>ab</span> <span class='ocrx_word' id='word_1_247' title='bbox 1178 2986 1230 3047; x_wconf 90' lang='lat' dir='ltr'>illis</span> 
     </span>
     <span class='ocr_line' id='line_1_35' title="bbox 228 3065 1011 3143; baseline 0.004 -19"><span class='ocrx_word' id='word_1_248' title='bbox 228 3066 284 3143; x_wconf 86' lang='lat' dir='ltr'>qui</span> <span class='ocrx_word' id='word_1_249' title='bbox 298 3066 423 3126; x_wconf 90' lang='lat' dir='ltr'>nullam</span> <span class='ocrx_word' id='word_1_250' title='bbox 436 3065 682 3128; x_wconf 89' lang='lat' dir='ltr'>successionem</span> <span class='ocrx_word' id='word_1_251' title='bbox 697 3066 872 3128; x_wconf 90' lang='lat' dir='ltr'>admittunt</span> <span class='ocrx_word' id='word_1_252' title='bbox 885 3068 917 3127; x_wconf 92' lang='lat' dir='ltr'>in</span> <span class='ocrx_word' id='word_1_253' title='bbox 933 3084 1011 3128; x_wconf 81' lang='lat' dir='ltr'>avo.</span> 
     </span>
    </p>

    <p class='ocr_par' dir='ltr' id='par_1_10' title="bbox 268 3143 1229 3225">
     <span class='ocr_line' id='line_1_36' title="bbox 268 3143 1229 3225; baseline 0.002 -20"><span class='ocrx_word' id='word_1_254' title='bbox 268 3143 381 3208; x_wconf 91' lang='lat' dir='ltr'>Omnis</span> <span class='ocrx_word' id='word_1_255' title='bbox 395 3145 495 3225; x_wconf 85' lang='lat' dir='ltr'>igitur</span> <span class='ocrx_word' id='word_1_256' title='bbox 509 3149 634 3209; x_wconf 85' lang='lat' dir='ltr'>entium</span> <span class='ocrx_word' id='word_1_257' title='bbox 645 3144 773 3208; x_wconf 87' lang='lat' dir='ltr'>duratio</span> <span class='ocrx_word' id='word_1_258' title='bbox 784 3146 953 3209; x_wconf 87' lang='lat' dir='ltr'>reducitur</span> <span class='ocrx_word' id='word_1_259' title='bbox 963 3146 1005 3208; x_wconf 92' lang='lat' dir='ltr'>ad</span> <span class='ocrx_word' id='word_1_260' title='bbox 1016 3148 1229 3214; x_wconf 78' lang='lat' dir='ltr'>eternitatem,</span> 
     </span>
    </p>
   </div>
   <div class='ocr_carea' id='block_1_5' title="bbox 226 3225 1230 3383">
    <p class='ocr_par' dir='ltr' id='par_1_11' title="bbox 226 3225 1230 3383">
     <span class='ocr_line' id='line_1_37' title="bbox 226 3225 1230 3307; baseline 0.002 -22"><span class='ocrx_word' id='word_1_261' title='bbox 226 3225 473 3286; x_wconf 87' lang='lat' dir='ltr'>aeviternitatem</span> <span class='ocrx_word' id='word_1_262' title='bbox 487 3233 519 3290; x_wconf 89' lang='lat' dir='ltr'>et</span> <span class='ocrx_word' id='word_1_263' title='bbox 533 3233 675 3305; x_wconf 88' lang='lat' dir='ltr'>tempus,</span> <span class='ocrx_word' id='word_1_264' title='bbox 691 3228 744 3289; x_wconf 87' lang='lat' dir='ltr'>vel</span> <span class='ocrx_word' id='word_1_265' title='bbox 752 3227 848 3307; x_wconf 84' lang='lat' dir='ltr'>juxta</span> <span class='ocrx_word' id='word_1_266' title='bbox 862 3227 1002 3305; x_wconf 85' lang='lat' dir='ltr'>aliquos,</span> <span class='ocrx_word' id='word_1_267' title='bbox 1019 3226 1062 3288; x_wconf 92' lang='lat' dir='ltr'>ad</span> <span class='ocrx_word' id='word_1_268' title='bbox 1080 3228 1230 3289; x_wconf 74' lang='lat' dir='ltr'>aeternita-</span> 
     </span>
     <span class='ocr_line' id='line_1_38' title="bbox 227 3307 500 3383; baseline 0.022 -20"><span class='ocrx_word' id='word_1_269' title='bbox 227 3307 297 3366; x_wconf 87' lang='lat' dir='ltr'>tem</span> <span class='ocrx_word' id='word_1_270' title='bbox 312 3310 344 3366; x_wconf 85' lang='lat' dir='ltr'>et</span> <span class='ocrx_word' id='word_1_271' title='bbox 358 3309 500 3383; x_wconf 77' lang='lat' dir='ltr'>tempus</span> 
     </span>
    </p>
   </div>
   <div class='ocr_carea' id='block_1_6' title="bbox 261 3464 1233 3527">
    <p class='ocr_par' dir='ltr' id='par_1_12' title="bbox 261 3464 1233 3527">
     <span class='ocr_line' id='line_1_39' title="bbox 261 3464 1233 3527; baseline 0.006 -16"><span class='ocrx_word' id='word_1_272' title='bbox 261 3467 298 3520; x_wconf 79' lang='lat' dir='ltr'>(a)</span> <span class='ocrx_word' id='word_1_273' title='bbox 311 3464 343 3512; x_wconf 89' lang='grc'>1),</span> <span class='ocrx_word' id='word_1_274' title='bbox 361 3464 452 3511; x_wconf 84' lang='lat' dir='ltr'>Thom.</span> <span class='ocrx_word' id='word_1_275' title='bbox 467 3479 496 3527; x_wconf 91' lang='lat' dir='ltr'>p.</span> <span class='ocrx_word' id='word_1_276' title='bbox 514 3465 533 3524; x_wconf 93' lang='lat' dir='ltr'>l,</span> <span class='ocrx_word' id='word_1_277' title='bbox 548 3478 591 3526; x_wconf 90' lang='lat' dir='ltr'>qu.</span> <span class='ocrx_word' id='word_1_278' title='bbox 608 3464 647 3524; x_wconf 89' lang='lat'>10,</span> <span class='ocrx_word' id='word_1_279' title='bbox 662 3469 713 3514; x_wconf 83' lang='lat' dir='ltr'>art.</span> <span class='ocrx_word' id='word_1_280' title='bbox 730 3465 742 3514; x_wconf 93' lang='grc'><strong>1</strong></span> <span class='ocrx_word' id='word_1_281' title='bbox 757 3469 783 3515; x_wconf 90' lang='lat' dir='ltr'>et</span> <span class='ocrx_word' id='word_1_282' title='bbox 797 3467 821 3525; x_wconf 80' lang='lat' dir='ltr'>l,</span> <span class='ocrx_word' id='word_1_283' title='bbox 836 3466 868 3515; x_wconf 90' lang='lat' dir='ltr'>ad</span> <span class='ocrx_word' id='word_1_284' title='bbox 882 3466 911 3525; x_wconf 80' lang='lat'>2;</span> <span class='ocrx_word' id='word_1_285' title='bbox 927 3470 976 3515; x_wconf 85' lang='lat' dir='ltr'>art.</span> <span class='ocrx_word' id='word_1_286' title='bbox 991 3466 1014 3515; x_wconf 90' lang='lat'>5.</span> <span class='ocrx_word' id='word_1_287' title='bbox 1029 3494 1060 3503; x_wconf 90' lang='lat'>—</span> <span class='ocrx_word' id='word_1_288' title='bbox 1074 3466 1086 3515; x_wconf 89' lang='lat'>1</span> <span class='ocrx_word' id='word_1_289' title='bbox 1100 3465 1166 3517; x_wconf 83' lang='lat' dir='ltr'>Dist.</span> <span class='ocrx_word' id='word_1_290' title='bbox 1184 3481 1233 3527; x_wconf 80' lang='lat' dir='ltr'>xix,</span> 
     </span>
    </p>
   </div>
   <div class='ocr_carea' id='block_1_7' title="bbox 21 3509 999 3591">
    <p class='ocr_par' dir='ltr' id='par_1_13' title="bbox 21 3509 999 3591">
     <span class='ocr_line' id='line_1_40' title="bbox 21 3509 999 3591; baseline 0.003 -18"><span class='ocrx_word' id='word_1_291' title='bbox 21 3509 47 3518; x_wconf 25' lang='lat'>&#39;¹</span> <span class='ocrx_word' id='word_1_292' title='bbox 128 3556 158 3584; x_wconf 79' lang='lat'>,·</span> <span class='ocrx_word' id='word_1_293' title='bbox 229 3524 374 3587; x_wconf 72' lang='lat' dir='ltr'>qu.2‚art.</span> <span class='ocrx_word' id='word_1_294' title='bbox 392 3524 415 3572; x_wconf 88' lang='lat'>1.</span> <span class='ocrx_word' id='word_1_295' title='bbox 432 3526 678 3578; x_wconf 71' lang='lat' dir='ltr'>-Lectaaintv</span> <span class='ocrx_word' id='word_1_296' title='bbox 693 3528 943 3591; x_wconf 80' lang='lat' dir='ltr'>Physicor.etlect.</span> <span class='ocrx_word' id='word_1_297' title='bbox 960 3526 999 3577; x_wconf 79' lang='lat'>17.</span> 
     </span>
    </p>
   </div>
   <div class='ocr_carea' id='block_1_8' title="bbox 0 0 1342 4242">
    <p class='ocr_par' dir='ltr' id='par_1_14' title="bbox 0 0 1342 4242">
     <span class='ocr_line' id='line_1_41' title="bbox 0 0 1342 4242; baseline 0 0"><span class='ocrx_word' id='word_1_298' title='bbox 0 0 1342 4242; x_wconf 95' lang='lat' dir='ltr'> </span> 
     </span>
    </p>
   </div>
  </div>
 </body>
</html>
