2650 4242
203 217 263 279 264
511 228 690 273 aestuamuu
712 224 914 270 curiosarum·

202 347 272 419 quia
287 347 386 402 lumen
400 343 536 399 naturale
549 340 664 397 infinite
679 336 769 395 distat
784 355 800 394 a
815 339 925 393 lumine
940 334 1051 416 diyino.
1066 336 1128 391 litei

203 417 317 487 ancilla,
333 419 433 471 tamen
442 428 479 469 ex
493 414 592 484 aliqua
604 414 703 483 parte,
713 409 844 481 adjutrix
859 411 904 465 est
927 408 1022 477 ips1us
1035 408 1127 463 Theo·

201 489 298 559 logiae.

427 620 445 681 ἓ
463 617 510 671 IV.
530 616 571 701 De
588 611 784 683 Philosophiae
797 601 969 681 partitione.

238 740 434 813 Philosophia,
447 741 583 810 inspecto
597 738 723 809 objecto,
753 736 784 791 in
810 738 927 806 partem
936 732 1131 790 theoreticam

203 831 256 871 seu
272 813 513 884 Metaphysicam,
529 812 560 864 et
574 811 603 865 in
622 812 739 880 partem
753 808 916 878 practicam
931 820 984 861 seu
997 804 1132 860 Ethicam

201 888 343 957 partitur,
359 883 466 953 quihus
475 895 545 953 pars
559 879 693 951 quaedam
723 874 921 949 ropaedeutica
930 874 1019 947 adjici
1029 873 1129 945 dehet,

240 971 257 1010 r
270 970 359 1026 quam
378 952 476 1008 aditus
483 954 568 1023 patet
582 951 619 1005 ad
637 951 689 1005 illu
736 948 894 1018 objectum.
913 948 998 1003 Unde
1011 960 1067 1017 per
1081 959 1133 1000 or·

223 1028 302 1082 inem
330 1026 506 1081 numeratur
529 1021 638 1091 triplex
674 1034 744 1091 pars
781 1017 985 1089 Philosophiae,
1025 1029 1135 1087 nempe

202 1098 319 1168 Logica‚
334 1094 545 1164 Metaphysica‚
556 1091 667 1147 Ethica.

444 1304 565 1378 ruina
585 1279 685 1376 raas
706 1311 978 1375 ruinosoruie

629 1420 785 1483 LOGICA.

236 1556 353 1628 Logica,
368 1556 454 1626 eujus
481 1554 630 1625 obJectum
657 1556 704 1609 est
723 1552 796 1610 ordo
823 1567 882 1623 quo
900 1549 1010 1611 instrui
1024 1549 1136 1609 dehent

202 1628 390 1698 operationes
403 1627 512 1681 mentis
525 1624 563 1679 ad
577 1640 683 1681 verum
697 1624 925 1695 assequendum,
941 1622 1088 1685 dividitur
1101 1626 1136 1678 in

201 1700 364 1751 naturalem
379 1711 431 1753 seu
446 1699 588 1766 innatam,
609 1699 640 1751 et
659 1697 837 1763 artificialem
865 1709 917 1751 seu
939 1698 1134 1765 scientificum,

202 1782 270 1839 quae
287 1769 433 1823 rationem
461 1767 593 1823 scientiae
607 1769 637 1821 et
651 1768 726 1823 artis
748 1766 838 1821 hahet
851 1780 886 1821 eo
905 1766 975 1835 quia
1018 1766 1136 1838 ignitur

200 1852 257 1963 per
270 1837 483 1921 redactionem,
499 1839 530 1892 et
539 1852 652 1893 normae
661 1838 757 1893 instar
767 1839 851 1892 actus
860 1837 969 1893 mentis
978 1785 1017 1896 aff
1025 1851 1135 1897 verum

222 1912 344 2050 llEglgtica
353 1978 517 2035 scientifica
530 1991 637 2034 rursus
648 1978 792 2034 dividitur
801 1977 833 2032 in
843 1980 990 2047 formalem
1005 1996 1057 2036 seu
1072 1981 1136 2034 dia·
1205 1909 1221 1962 9

203 2052 326 2104 lecticam
340 2053 371 2105 et
384 2052 561 2105 materialem
576 2062 629 2105 seu
643 2052 783 2104 criticam.
799 2048 869 2104 inde
885 2049 915 2103 in
929 2052 1027 2121 prima
1036 2050 1135 2107 Philo·
1166 2112 1168 2117 ,
1306 2090 1307 2123 p

201 2121 313 2191 sophiae
329 2124 416 2191 parte
430 2121 539 2191 duplex
551 2134 632 2190 pars.
1189 2120 1222 2177 1⁰
1306 2126 1307 2139 ³

492 2342 613 2405 PRIMA
633 2344 733 2405 PARS
754 2343 910 2405 LOGIGAE

235 2476 342 2547 Logica
354 2475 487 2531 formalis
501 2477 641 2531 versatur
663 2476 742 2531 circa
761 2474 895 2531 ordinem
923 2479 1131 2549 conceptuum,

200 2548 312 2604 intuitu
326 2547 457 2603 scientiae
476 2545 684 2617 adipiscendae.
708 2548 791 2603 Unde
804 2548 835 2601 in
858 2546 1022 2610 dialectica,
1043 2561 1133 2618 pers·

190 2620 293 2690 pectis
301 2618 386 2689 prius
395 2618 598 2672 constitutivis
608 2618 756 2681 ratiocinii
765 2617 930 2687 elementis,
942 2629 995 2673 seu
1005 2618 1135 2689 simplici

199 2689 434 2760 apprehensione
448 2690 478 2742 et
489 2686 602 2757 judicio
628 2688 666 2744 ad
680 2690 777 2757 ipsum
791 2689 978 2747 ratiocinium
998 2704 1036 2745 ex
1058 2688 1134 2759 ipsis

199 2760 370 2818 conflatum.
387 2773 421 2814 ac
436 2757 563 2828 denique
573 2729 612 2812 ad
624 2758 796 2815 methodum
807 2774 866 2830 qua
880 2760 943 2830 ipsa
953 2762 1134 2832 coaptantur

199 2829 368 2901 raciocinia‚
384 2828 588 2899 migrabimus
1190 2832 1221 2886 11

616 3024 743 3088 CAPUT
766 3026 789 3089 l.

507 3170 540 3203 DE
553 3168 664 3205 snorum
676 3168 896 3205 arrnnnnrtslohlt.

231 3271 360 3342 Simplex
373 3273 568 3342 apprehensio
583 3275 629 3328 est
654 3272 788 3343 operatio
813 3254 872 3343 qua
900 3286 984 3329 mens
1008 3274 1133 3345 aliquod

197 3342 345 3412 objectum
360 3342 559 3433 attingihlist
572 3358 644 3413 ergo
659 3344 814 3413 conceptio
828 3344 914 3413 quus
937 3345 1062 3427 effeetus
1086 3347 1134 3427 est

196 3412 1134 3561 talitatttatttltltdttlltattttlittantillitati

197 3552 287 3605 simul
300 3550 337 3605 de
352 3564 444 3619 signis
454 3554 659 3617 conceptuum.
1191 3560 1225 3613 12
