2650 4242
305 249 505 297 urrirnrsici
526 254 610 310 ean„
634 251 689 298 sun
711 250 886 299 ourotosn.
998 224 1102 303 ,199
1181 300 1184 306 ,

82 360 148 421 sita
162 361 198 421 in
222 362 419 439 completam
444 367 477 439 et
499 366 735 441 incompletam
764 386 771 427 ε
801 369 966 444 completa
990 384 1028 431 ea
1054 372 1106 431 est

84 457 158 517 quaa
174 457 216 501 ex
230 457 267 501 se
292 456 359 502 non
383 443 553 505 ordinatur
577 445 620 505 ad
646 450 866 523 compositum
890 449 1105 510 substantiale

84 521 377 581 constituendum:
390 540 420 583 v.
434 540 499 601 gr„
510 526 621 596 homo,
635 528 787 603 angelus,
806 528 955 602 arbor...‚
971 532 1033 588 ete.
1051 530 1106 589 Est

83 600 282 676 incompleta
298 618 337 661 ea
353 618 423 679 quae
439 619 480 662 ex
495 620 531 664 se
547 602 719 666 ordinatur
733 606 773 666 ad
786 608 851 667 tale
863 608 1104 683 compositum:

87 696 117 739 v.
133 695 182 757 g.,
198 696 317 765 eorpus
336 682 489 753 hominis,
511 684 640 745 animus
659 685 835 757 humanus
858 694 919 748 eto.
938 689 1007 747 Haee
1025 687 1104 750 divi·

86 760 134 819 sio
161 775 183 819 a
205 759 403 836 quibusdam
428 764 668 824 recentioribus
695 766 917 843 impugnatur,
941 772 1105 844 quatenus

87 842 197 921 omnis¹
210 840 391 913 substantia
408 847 497 901 esset
511 844 675 918 completa
690 846 723 903 in
739 849 866 906 ratione
886 847 1072 908 substantie
1097 864 1103 905 :

86 920 122 976 et
136 918 200 979 hoo
214 919 356 979 libenter
381 922 605 982 concedimus.
623 922 688 983 Sed
707 924 760 985 hio
787 925 1014 986 consideratur
1030 925 1106 985 sub·

85 1000 208 1059 stantia
220 1003 387 1075 quatenus
407 1016 449 1059 ex
463 1016 537 1062 sese
552 1002 652 1062 habet
668 1004 721 1063 vel
735 1019 801 1063 non
815 1004 978 1065 rationem
992 1009 1106 1082 partis,

87 1076 283 1138 Substantiae
311 1079 497 1158 singulares
521 1097 582 1142 seu
604 1082 715 1158 primae
741 1099 810 1159 quae
834 1088 912 1145 sunt
927 1084 1104 1161 completae,

86 1171 211 1234 nempe
230 1157 393 1219 rationem
416 1160 518 1235 partis
542 1164 599 1220 aut
623 1162 856 1236 complementi
879 1180 956 1224 non
970 1165 1105 1235 habent,

87 1234 243 1297 dicuntur
266 1242 451 1313 supposito,¹
469 1254 575 1317 graeeo
604 1241 737 1301 nomine
760 1242 955 1315 hypostases.
981 1246 1028 1304 De
1056 1244 1108 1304 his
1172 1240 1176 1244 ’

87 1317 263 1398 speciatim
277 1333 416 1396 agemus
437 1319 643 1397 insequenti
658 1321 878 1399 paragrapho.

352 1456 410 1526 §tt
427 1460 468 1513 De
481 1459 635 1529 supposito
648 1461 680 1514 et
693 1472 831 1543 persona.

334 1598 354 1646 l.
368 1598 407 1648 De
420 1602 543 1663 conceptu
557 1598 679 1663 suppositi
692 1608 716 1647 et
726 1614 850 1664 personne.

130 1713 200 1775 344.
234 1746 273 1756 -
303 1714 526 1791 Suppositum,
554 1712 647 1791 quod
667 1714 769 1792 Juxta
781 1716 846 1775 vim
865 1717 1006 1777 nominis
1018 1715 1110 1785 idem

91 1798 144 1855 est
158 1809 196 1853 ao
207 1794 266 1853 sub
283 1794 359 1853 ultis
368 1796 524 1869 positum,
544 1792 674 1853 definiri
689 1800 800 1870 potest
823 1814 829 1853 :
850 1796 1029 1857 substantae
1043 1798 1093 1856 stu

91 1874 221 1949 putoris
237 1889 309 1948 qua
317 1889 380 1947 per
393 1891 428 1933 se
440 1876 599 1950 inteprum
616 1876 780 1948 quoddam
796 1877 839 1934 est
855 1880 951 1949 otone
970 1875 1110 1952 eomple-

91 1959 173 2023 tum,
190 1968 261 2030 quae
276 1952 414 2028 proinde
429 1969 493 2014 neo
510 1953 644 2013 alterius
657 1968 735 2028 pars
751 1958 812 2027 est,
828 1968 939 2030 nequo
963 1956 1011 2015 uti
1035 1970 1111 2030 pars

92 2033 236 2172 eipeotari
266 2036 387 2108 potest,
420 2048 483 2093 nee
514 2034 773 2093 communicatur
799 2032 949 2110 pluribus
977 2034 1111 2095 realiter

118 2112 269 2173 istinetis.

111 2191 494 2267 -Personaasupposito
521 2189 743 2269 distinguitur,
771 2194 935 2267 quatenus
958 2192 1110 2268 supposi·
1189 2216 1191 2223 r

94 2276 165 2332 tum
180 2271 223 2332 de
239 2270 385 2348 qualibet
398 2276 514 2331 natura
528 2270 657 2340 dicitur,
676 2269 755 2331 dum
769 2286 912 2345 persona
928 2276 977 2331 est
991 2288 1112 2348 suppo·

93 2352 193 2412 situm
207 2356 329 2411 naturae
344 2350 519 2410 rationalis
543 2355 684 2427 tantum3
713 2351 930 2426 quamobrem
955 2350 998 2410 e'st
1022 2351 1112 2410 snbs-

94 2432 201 2492 tantia
214 2429 394 2505 singularis
408 2446 478 2505 quae
492 2432 619 2490 ratione
639 2428 753 2505 pollet,
780 2445 912 2505 putaque
924 2444 986 2503 per
1006 2446 1039 2490 se
1065 2432 1111 2489 tn·

98 2517 228 2585 tearum
249 2510 412 2585 quoddam
429 2515 474 2569 est
489 2513 585 2583 utque
600 2508 804 2585 completum.
988 2530 991 2536 ’

137 2588 254 2650 Modus
269 2591 316 2649 sio
333 2587 534 2649 consistendi
558 2589 592 2647 in
615 2604 664 2656 se,
694 2604 735 2647 ex
750 2604 814 2663 quo
831 2584 866 2646 fit
880 2590 915 2645 ut
930 2586 1113 2647 substantia

98 2668 272 2746 singularis
287 2666 328 2726 sit
342 2672 408 2728 tota
423 2670 457 2728 in
472 2684 521 2739 se,
537 2683 598 2726 sen
615 2667 733 2728 evadat
748 2667 841 2725 alteri
855 2666 1111 2727 inoominunioa·

99 2748 185 2819 bilis,
201 2749 403 2807 subsistentia
417 2747 614 2807 nominatur.
633 2746 849 2807 Subsistentia
864 2746 995 2821 proprie
1011 2744 1114 2823 signi-

98 2827 177 2888 fieat
200 2826 542 2888 ultimum-terminum
557 2832 678 2886 naturae
694 2824 928 2885 substantialis.
956 2825 988 2885 Si
1003 2840 1115 2883 suma-

101 2913 155 2968 tur
170 2908 340 2976 obstraete‚
367 2904 529 2983 signifieat
551 2908 715 2965 rationem
739 2902 952 2978 subsistendi,
980 2919 1040 2963 seu
1066 2907 1117 2964 est

99 2985 247 3049 formalis
271 2986 353 3045 ratio
377 2984 752 3046 inconimunioabilitatis
779 2984 839 3043 sub
871 2998 936 3059 qua
963 2982 1115 3061 intelligi·

100 3072 154 3127 tur
177 3064 394 3126 substantiam
419 3080 493 3125 esse
518 3065 739 3143 hypostasum
765 3065 791 3125 si
820 3068 931 3122 autem
959 3067 1114 3133 concrete,

99 3162 173 3206 rem
195 3146 302 3221 ipsam
325 3143 562 3204 subsistentem
586 3142 759 3221 significat.
788 3144 889 3219 igitur
908 3142 1119 3218 suppositum

101 3231 158 3286 aut
173 3238 316 3301 persona
340 3224 468 3300 concipi
494 3220 596 3283 debet
619 3227 656 3283 ut
675 3222 837 3283 resultans
854 3238 896 3280 ex
910 3219 1118 3281 substantiali

100 3310 218 3366 natura
234 3307 267 3363 et
281 3302 505 3363 subsistentia

140 3382 293 3450 Adhibita
307 3382 464 3443 methodo
481 3380 648 3442 divisionis
676 3394 737 3438 seu
751 3378 898 3441 instituta
914 3378 1040 3457 analysi
1061 3394 1120 3437 eo-

100 3478 176 3525 rum
191 3462 310 3541 quibus
335 3477 457 3522 nomen
482 3459 670 3539 hypostasis
692 3460 855 3528 convenit,
884 3457 979 3517 facile
999 3456 1122 3517 videbiss

102 3557 176 3605 mus
200 3543 242 3604 ad
266 3540 428 3601 rationem
450 3539 617 3618 propriam
642 3537 861 3598 subsistentia
889 3538 947 3597 tria
971 3535 1121 3614 requiri;

105 3625 135 3685 1⁰
148 3627 186 3684 ut
199 3621 242 3684 sit
256 3620 439 3683 substantia
452 3619 632 3698 singularis
646 3620 680 3678 et
693 3618 836 3694 inteprm
849 3618 881 3676 2⁰
895 3619 932 3679 ut
946 3617 1066 3679 nonsit
1080 3612 1125 3675 ad
