2650 4242
430 282 545 326 tonica
566 279 639 325 1113
660 283 692 326 n.
1025 262 1082 326 109

57 397 153 475 quod
169 398 358 476 subjectum
371 394 520 473 proxime
538 395 683 473 disponit
694 395 738 459 ad
752 412 924 457 assensum
939 397 1082 474 preben-

59 479 399 554 111111111131131111313
421 481 533 538 autem
548 493 590 536 ex
602 475 750 536 motione
774 476 962 538 voluntatis.
986 477 1084 555 Atqui

58 561 223 620 tnotivum
235 556 314 619 fidel
328 563 379 618 est
390 554 525 627 firmius,
549 557 708 617 etlumen
729 573 793 634 quo
814 557 1084 636 subjectumpro·

56 652 149 697 1111113
168 637 298 716 disponi
311 636 412 697 debet
426 637 469 698 ad
484 640 605 710 actum,
623 637 852 710 excellentius,
878 654 941 714 prae
955 637 1084 698 motivis

60 722 94 778 et
110 715 359 780 conditionibus
374 716 580 779 certitudinis
594 717 766 788 naturalis;
792 718 943 777 voluntas
972 722 1083 790 etam,

59 800 167 876 gratia
195 797 255 858 Dei
284 797 447 869 roborata,
462 801 573 857 movet
587 795 748 857 intensius
763 798 977 857 intellectum.
998 799 1083 874 Ergo

61 877 228 938 certitudo
239 875 317 938 fidel
328 876 586 953 supernaturalis
601 893 733 938 omnem
747 878 978 938 certitudinem
988 882 1084 938 natu·
1151 875 1152 878 ’

62 957 171 1016 131311
184 956 326 1017 excedit.

101 1040 214 1112 Major
233 1038 310 1098 satis
325 1037 434 1096 elucet
451 1052 491 1096 ex
506 1039 602 1095 antea
624 1033 885 1114 (1131131171).Αά
901 1035 1084 1098 secundam

64 1126 207 1192 partem,
225 1117 407 1177 notandum
422 1115 575 1193 estquod
591 1114 763 1188 certitudo,
787 1123 823 1176 ut
852 1116 1002 1192 diximus,
1018 1130 1086 1178 non

65 1197 297 1258 tantummodo
312 1196 439 1274 pendet
454 1212 471 1256 3
487 1197 608 1256 motivo
638 1195 729 1273 quod
757 1195 846 1257 illam
876 1196 1083 1269 determinat,

63 1291 182 1337 verum
199 1279 298 1338 etiam
312 1277 466 1337 elumine
482 1293 547 1353 quo
562 1274 701 1337 facultas
717 1275 899 1352 disponitur
913 1277 954 1336 ad
970 1278 1083 1357 objec-

65 1366 135 1417 tum
151 1357 214 1417 suh
231 1355 350 1418 motivo
367 1358 420 1418 illo
440 1355 703 1433 percipiendum.
732 1357 803 1430 Quo
833 1357 1006 1418 dilucidior
1036 1360 1087 1418 est

66 1439 238 1514 perceptio
253 1437 307 1516 obj
313 1439 376 1497 ecti
384 1435 541 1506 formalis,
554 1453 593 1496 eo
606 1435 773 1497 firmiorlit
787 1437 835 1497 vis
849 1438 947 1516 hujus
962 1437 1086 1515 objecti

66 1518 108 1578 ad
124 1516 394 1593 extorquendum
405 1528 589 1576 assensum.
607 1517 686 1576 Hinc
703 1514 863 1578 certitudo
886 1531 954 1578 non
978 1517 1086 1578 minus

67 1597 198 1675 pendet
212 1613 231 1656 e
246 1597 370 1657 lumine
387 1612 450 1673 quo
468 1595 642 1656 dilucidior
654 1594 691 1654 fit
701 1595 921 1658 manifestatio
951 1597 1085 1677 objecti,

70 1693 174 1756 quam
190 1692 230 1736 ex
244 1677 408 1756 objectiva
426 1675 578 1736 firmitate
592 1675 716 1736 motivi.

108 1757 277 1817 Probatur
303 1759 422 1824 minor,
447 1755 601 1818 videlieet
629 1755 719 1833 quod
734 1758 891 1817 motivum
902 1756 935 1816 in
951 1760 1088 1819 certitu-

70 1836 149 1900 dine
173 1835 250 1896 fidei
261 1838 303 1896 sit
317 1838 464 1898 stabilius
475 1845 507 1896 31
520 1837 634 1896 lumen
648 1837 800 1898 nobilius.

113 1920 142 1978 1’
157 1918 313 1977 llotivum
335 1917 423 1976 enim
437 1932 502 1992 quo
519 1931 675 1976 assensus
685 1914 762 1976 fidei
775 1914 1025 1992 determinatur,
1039 1922 1089 1980 est

69 1999 143 2072 ipsa
165 2000 324 2058 veracites
340 1997 398 2056 Dei
419 1999 591 2057 veritatem
607 1996 750 2073 aliquam
765 1994 964 2058 affirmantis
988 1997 1087 2058 Porro

70 2078 232 2138 veracitas
248 2077 356 2136 divina
370 2074 492 2136 firmior
507 2082 558 2135 est
572 2077 720 2152 qualibet
736 2076 900 2138 evidentia
933 2079 1086 2139 naturali.

70 2160 155 2236 Ergo
182 2159 342 2217 motivum
369 2155 402 2214 in
431 2155 624 2216 certitudine
645 2157 886 2234 supernaturali
903 2161 951 2218 est
966 2156 1089 2220 firmius

72 2238 221 2316 quolibet
234 2237 295 2297 alio
311 2237 432 2297 motivo
450 2235 653 2296 certitudinis
664 2233 830 2298 naturalis,

110 2319 144 2376 2³
159 2317 317 2377 Praeterea
332 2317 521 2393 lumenque
537 2331 633 2374 mens
644 2318 853 2378 collustratur
866 2322 902 2378 ut
916 2314 972 2376 liat
987 2334 1090 2396 capax

72 2395 281 2473 percipiendi
295 2400 467 2457 veritatem
479 2396 658 2456 revelatam
672 2413 734 2473 per
748 2401 857 2456 aetum
874 2394 952 2456 fidei
973 2413 1089 2476 super·

73 2476 242 2548 131113113,
275 2481 325 2537 331
353 2477 410 2535 lux
437 2477 547 2553 gratiae
573 2491 643 2552 quae
669 2476 873 2537 intellectum
886 2477 1092 2539 illuminatet

74 2555 212 2633 perlicit.
235 2557 334 2634 Atqui
361 2557 474 2615 lumen
488 2554 569 2614 illud
584 2556 683 2634 longe
699 2554 877 2634 perfectius
892 2564 941 2618 est
967 2557 1090 2620 lumine

74 2637 215 2697 naturali
229 2640 415 2696 nostrarum
428 2633 631 2701 facultatum.

115 2719 200 2794 Ergo
214 2716 283 2776 tum
298 2732 339 2775 ex
352 2719 446 2792 parte
461 2717 583 2788 motivi,
602 2720 671 2775 tum
687 2720 830 2792 exparte
841 2716 982 2784 luminis,
997 2719 1091 2780 certi·

76 2795 154 2856 tudo
164 2795 244 2856 fidei
255 2796 515 2872 supernaturalis
530 2795 653 2857 firmior
669 2803 718 2857 331
733 2796 880 2873 qualibet
895 2796 1090 2859 certitudine

76 2877 229 2937 naturali.

118 2958 187 3018 174.
204 2992 242 3000 -
259 2960 334 3018 Cor.
354 2956 376 3015 1.
391 2956 439 3015 1111
449 2952 624 3015 1313311313
637 2970 716 3032 ergo
733 2956 794 3016 Dei
808 2955 974 3031 loquentis
985 2958 1093 3036 liquet

76 3036 227 3098 absolute
252 3050 442 3114 repugnare
470 3040 507 3095 ut
533 3032 655 3094 falsitas
686 3050 759 3094 esse
790 3035 893 3110 possit
911 3036 945 3097 in
961 3039 1091 3116 objecto

75 3115 169 3189 fidei;
186 3123 217 3178 et
235 3115 333 3176 etiam
348 3119 562 3192 repugnatex
578 3119 694 3175 natura
707 3115 809 3191 ipsius
824 3131 970 3177 assensus
980 3133 1093 3196 super-

77 3197 247 3267 naturalis,
264 3199 300 3255 ut
316 3212 407 3257 error
422 3211 497 3256 esse
513 3194 615 3270 possit
628 3197 661 3254 in
682 3200 757 3255 actu
782 3192 857 3254 [idei
875 3216 881 3255 :
902 3201 1094 3260 «Assensus

76 3275 165 3347 fidei,
183 3277 227 3338 ait
243 3274 284 3336 de
299 3277 389 3354 Lugo
405 3274 460 3353 (1),
475 3274 575 3335 habet
590 3274 689 3336 etiam
705 3272 937 3336 certitudinem
953 3278 1092 3340 3111131-

76 3356 262 3419 libilitatem
291 3371 308 3415 a
339 3371 399 3416 suo
429 3354 600 3432 principio,
635 3371 700 3432 quo
731 3355 868 3427 elicitur,
901 3372 1024 3436 nempe
1052 3359 1094 3420 ab

78 3437 199 3499 auxilio
215 3435 367 3514 gratie.»
401 3436 465 3496 lloc
486 3434 641 3495 auxilium
657 3439 707 3496 est
735 3450 913 3497 concursus
941 3438 1012 3511 Dei,
1040 3439 1097 3517 qui

79 3533 146 3578 non
175 3519 273 3580 datur
285 3517 348 3577 nisi
363 3514 406 3576 ad
421 3520 515 3574 aetus
529 3531 636 3575 veros.
653 3513 733 3576 lnde
751 3516 912 3578 certitudo
932 3519 1096 3598 objectiva
1161 3526 1163 3530 ’

79 3595 156 3658 fidei
172 3604 222 3658 est
238 3596 387 3656 absoluta
403 3601 436 3656 et
449 3595 685 3675 metaphysica.

107 3694 194 3759 tun«
205 3692 273 3756 fiae.
288 3691 318 3742 o.
332 3693 353 3755 1,
367 3707 389 3742 s.
403 3693 428 3757 a.
