2650 4242
702 27 831 105 'qs-7¹⁶5·
880 39 960 102 ’ΜΝ

778 101 781 110 ’
868 104 871 114 ’
905 98 911 132 .“
963 107 977 131 ἡ

668 106 746 148 A:

652 160 662 188 t
775 158 784 176 ⁶
850 157 872 175 ¹-
988 169 996 193 ·.

460 231 731 324 coercanut‘sif
831 206 998 353 ‘ml
1055 261 1093 326 91

107 398 229 474 Atqui,
247 395 277 455 10
288 409 386 456 mens
398 394 543 454 humana
556 409 625 454 non
651 368 746 456 satis-
875 381 886 406 ⁹
928 412 938 455 1
965 412 1037 456 rem
1050 395 1095 457 ita

63 481 301 556 cognosceret
319 478 358 536 ut
379 474 637 613 tamenignoret
650 491 710 534 eur
736 492 789 536 res
807 477 855 536 itu
868 477 925 546 sit;
938 480 1095 554 praterea

59 557 102 616 20
118 571 179 617 res
194 571 263 616 non
277 562 328 616 est
341 555 376 615 in
389 570 426 614 se
438 553 502 614 nist
540 551 750 630 ependenter
763 571 782 616 a
796 557 865 618 suis
880 554 987 616 causis
1002 572 1095 619 seua

62 635 125 696 sui
140 638 272 698 ratione
287 633 473 696 sufficienti.

110 717 203 794 Iirgo
219 716 355 777 scientia
369 711 518 792 perfecta
546 710 647 772 debet
667 729 740 774 rem
764 714 999 793 explicareper
1015 729 1092 776 cau-

67 811 160 865 sam,
180 796 209 854 l⁰
222 800 260 855 ut
275 795 384 857 nativa
395 792 521 856 sciendi
536 790 698 868 cupiditas
710 795 743 853 in
758 794 819 855 hac
834 794 972 856 scientia
987 794 1094 873 quies·

68 891 155 936 cere
171 875 287 951 possit,
303 891 368 936 nec
383 887 449 933 non
462 873 495 932 20
508 877 545 932 ut
558 873 804 936 resintellectui
812 873 960 953 perfecte
976 891 1094 952 repra·

69 959 231 1018 sentetur
251 970 291 1016 eo
305 952 406 1014 modo
428 968 493 1030 quo
509 951 606 1012 estin
626 967 676 1015 se.

116 1034 152 1095 Si
166 1035 338 1112 objectum
350 1033 493 1094 scientia
522 1047 582 1108 per
611 1047 746 1092 causam
764 1049 832 1094 non
861 1033 1092 1112 explicaretur,

76 1118 158 1175 tunc
175 1114 256 1175 ordo
267 1113 384 1174 idealis
397 1128 466 1173 non
478 1110 578 1187 plene
589 1112 809 1189 responderet
815 1114 923 1180 ordini
936 1114 1029 1186 reali,
1051 1129 1090 1174 ac

73 1191 223 1271 proinde
238 1195 375 1256 scientia
390 1195 479 1254 esset
491 1188 696 1267 imperfecta.

117 1277 197 1334 Cor.
215 1275 239 1335 l.
254 1305 294 1318 ·-
307 1274 353 1334 Ex
365 1272 526 1333 hactenus
555 1269 649 1331 dictis
663 1271 707 1332 de
721 1273 861 1335 scientia
879 1270 1001 1335 inferre
1016 1273 1094 1334 licet

73 1358 225 1430 quatuor
238 1351 442 1415 conditiones
452 1351 576 1427 requiri
585 1349 629 1411 ad
646 1353 829 1426 perfectam
850 1353 1022 1414 scientiam
1038 1371 1045 1411 :
1064 1355 1094 1414 10

72 1436 113 1492 ut
127 1433 173 1493 sit
187 1439 277 1493 certe
291 1433 417 1510 absque
429 1428 604 1491 formidine
622 1436 657 1491 et
670 1432 737 1492 ulla
752 1430 968 1505 dubitatione,
985 1435 1017 1492 20
1031 1434 1092 1492 eoi-

72 1513 294 1590 densabsque
305 1511 516 1582 obscuritate,
532 1512 563 1570 3⁰
579 1509 620 1571 de
631 1512 762 1588 objecto
775 1515 955 1573 necessario
967 1514 1093 1590 absque

74 1592 147 1652 ulla
161 1591 400 1663 vicissitudine,
415 1592 448 1650 40
461 1607 523 1668 per
535 1591 717 1651 discursum
735 1599 871 1667 propter
905 1594 995 1668 quid,
1016 1609 1092 1654 cunr

73 1687 159 1732 vera
181 1677 217 1732 et
231 1671 377 1750 legitima
394 1671 541 1732 illatione
562 1670 660 1730 unius
682 1687 724 1730 ex
738 1671 812 1732 alio.

116 1755 198 1812 Cor.
216 1753 252 1812 ll.
264 1785 303 1794 -
313 1751 454 1812 Scientia
466 1765 505 1810 eo
517 1748 695 1826 perfectior
706 1755 757 1810 est
771 1767 836 1828 quo
854 1753 883 1812 10
897 1751 1001 1828 magis
1016 1750 1090 1822 alta,

72 1833 185 1909 magis
200 1830 380 1909 adaquata,
403 1831 510 1908 magis
524 1829 655 1907 propria
670 1835 720 1890 est
736 1847 833 1892 causa
849 1846 1021 1908 perquam
1038 1847 1092 1892 res

71 1911 238 1988 explicat3
257 1927 323 1989 quo
344 1912 376 1972 20
390 1911 457 1970 bac
472 1925 572 1971 causa
588 1910 709 1970 certius
733 1915 767 1970 et
792 1911 938 1973 intimius
954 1926 1092 1988 cognos

74 1992 174 2051 citur.
192 1991 271 2051 Hinc
293 1989 429 2051 scientia
443 1989 588 2050 obsolute
614 1987 777 2067 perfecta,
808 2007 847 2051 ea
869 1997 919 2051 est
946 2006 1016 2067 quar
1038 2007 1092 2051 res

74 2086 195 2132 omnes
217 2071 358 2147 explicat
371 2085 432 2146 per
450 2084 584 2129 causam
604 2070 743 2147 primam
757 2070 902 2131 intuitivae
913 2069 1090 2149 cognitam.

72 2184 115 2193 —
129 2151 275 2212 Scientia
288 2151 424 2211 relative
439 2145 599 2226 perfecta,
614 2165 653 2210 ea
664 2154 716 2209 est
732 2164 865 2226 quares
878 2150 1019 2226 explicat
1032 2167 1092 2227 per

75 2245 214 2290 causam
224 2231 363 2308 primam
372 2227 561 2308 perfectiori
572 2228 672 2289 modo
681 2230 846 2310 cognitam
857 2246 922 2308 quo
935 2231 1091 2310 cognosci

73 2315 223 2385 potesta
244 2311 351 2371 nobis.

74 2399 145 2460 145.
176 2432 214 2442 -
236 2400 349 2460 Tnesrs
364 2399 413 2459 lll.
431 2397 575 2458 Scierrtiu
589 2397 844 2473 specificaturub
875 2397 997 2473 objecto
1021 2401 1091 2473 for·

116 2478 201 2538 maii
211 2481 352 2541 strictius
365 2482 491 2552 sumpto
512 2474 566 2556 (l).

118 2568 139 2627 l.
165 2568 377 2643 specificatur
387 2566 428 2625 ub
443 2565 576 2640 obiecto.
588 2565 802 2625 -Probutuu
819 2564 1092 2628 l⁰Actussciendi

76 2645 278 2723 estquidam
298 2651 407 2706 motus
426 2645 548 2706 mentis
571 2644 613 2705 ad
629 2643 797 2721 obJ'ectum
812 2642 911 2722 hujds
922 2704 924 2710 ,
936 2645 1089 2706 scientia.

75 2727 175 2803 Atqui
197 2730 307 2786 motus
337 2725 474 2803 quilibet
494 2723 664 2785 atermino
681 2721 899 2800 specificatur,
927 2723 1091 2802 siquidem

75 2820 192 2865 norma
204 2809 315 2867 motus
330 2808 381 2865 est
392 2805 426 2864 in
447 2803 591 2882 objecto,
610 2801 701 2880 quod
712 2803 742 2864 ei
757 2805 943 2882 assignatur
955 2809 991 2864 ut
1005 2803 1090 2867 finis.

76 2885 161 2964 Ergo
185 2891 294 2946 motus
317 2885 437 2946 mentis
462 2884 707 2963 cognoscentia,
732 2899 793 2944 seu
814 2885 962 2958 scientia,
991 2884 1089 2945 debet

77 2965 183 3025 metiri
198 2981 238 3024 ex
252 2964 385 3042 objecto
405 2968 504 3042 prout
527 2961 709 3040 respondet
732 2963 900 3040 principiis
926 2981 945 3025 a
971 2964 1089 3042 quibus

78 3059 171 3106 mens
187 3043 364 3105 exorditur.
398 3101 401 3106 .

115 3126 158 3186 20.
175 3124 318 3185 scientia
343 3128 394 3184 est
417 3121 567 3201 quadam
580 3121 811 3183 intellectualis
835 3124 1091 3196 repraesentatio,-

78 3207 166 3282 atqui
175 3204 420 3280 representatio
432 3217 494 3263 seu
503 3199 613 3279 imago
625 3198 835 3278 specificatur
846 3216 907 3278 per
921 3202 1090 3281 objectum

78 3283 584 3438 replraelsqzrgtczkrssrgiml'tngobbjecw
611 3359 753 3436 formati
774 3361 915 3422 strictius
943 3366 1089 3440 sumpto,

79 3458 196 3521 nempe
211 3442 252 3503 ab
268 3442 400 3520 objecto
414 3439 573 3501 materiali
581 3445 679 3517 prout
707 3437 944 3501 determinatur
958 3441 998 3502 ab
1028 3441 1086 3503 ob-

75 3522 162 3599 Jecto
176 3520 306 3585 formali
320 3521 378 3582 sub
394 3536 468 3595 quo.
485 3555 523 3564 -
558 3521 684 3581 Etenim
697 3522 726 3580 10
749 3525 859 3580 motus
880 3519 1089 3597 specificatur

108 3616 218 3679 (liltira
231 3614 341 3665 varietas
365 3612 547 3664 sententiarum
574 3613 641 3727 1181111
662 3613 826 3664 scholasticos
852 3611 928 3678 (Vide
957 3613 1088 3669 Pontium,

79 3675 589 3744 Log.disp.un,q.ult.,n.78,‘t9,8
607 3675 769 3739 ,82,85-89).
