2650 4242
423 232 533 294 126
1025 242 1379 287 unsviimmi
1418 238 1821 283 mutosornfflz

421 361 623 427 fidem
649 361 1021 436 imponenS‚
1054 359 1124 418 in
1152 369 1408 416 summo
1440 355 1653 434 gradu
1691 356 1964 416 scientia
1997 361 2064 416 et
2091 359 2480 425 veracitate

420 446 716 512 ornatur,
751 457 817 500 et
845 439 1087 500 idcirco
1121 437 1265 515 ejus
1292 437 1735 498 testimonium
1759 437 1971 517 gignit
1989 435 2476 496 certitudinem

423 522 721 602 qualibet
768 513 1164 580 certitudine
1215 521 1501 576 humana
1547 517 1868 594 majorem
1900 516 2088 594 (173).
2125 516 2258 576 Sed
2291 532 2485 591 prae-

428 604 727 665 termissa
780 598 910 659 fide
962 596 1468 672 supernaturali,
1530 593 1612 656 de
1645 610 1769 671 qua
1825 597 2104 657 tra’ctant
2135 597 2472 674 theologi,

426 697 707 761 agemus
734 678 1115 755 simpliciter
1148 676 1231 738 de
1265 675 1616 736 testimonii
1658 675 1926 736 humani
1957 680 2386 738 auctoritate.

510 765 572 823 2⁴·
597 761 1071 822 Testimonium
1095 757 1456 817 humanum
1480 759 1866 816 auctoritate
1889 755 1973 816 ad
1993 756 2195 817 fidem
2215 755 2479 815 facien-

432 842 589 903 dam
633 855 769 900 non
814 853 1080 914 semper
1125 836 1349 914 pollet,
1400 851 1552 895 nam
1607 836 1803 897 homo
1848 845 2067 912 potest
2131 835 2360 912 decipi
2409 839 2484 893 et

434 921 584 983 deci
637 935 808 980 ere:

514 937 656 1060 20}
707 1031 783 1042 -
822 995 1295 1056 Testimonium
1345 994 1790 1072 dogmaticum
1826 1012 1948 1070 per
2001 1013 2065 1056 se
2118 1009 2479 1073 nunquam

439 1084 555 1142 aut
607 1076 749 1138 fere
808 1092 1146 1152 nunquam
1174 1075 1430 1135 firmam
1484 1073 1682 1134 fidem
1734 1075 2012 1152 gignere
2054 1077 2253 1143 valet,
2313 1075 2477 1134 licet

440 1174 590 1221 esse
625 1157 833 1234 possit
872 1158 1190 1216 motivum
1219 1152 1554 1216 sufficiens
1598 1154 1685 1215 ad
1713 1171 2059 1216 assensum
2100 1154 2497 1233 prudenter⁴

441 1237 911 1314 adhibendum.

527 1321 582 1379 1⁰
610 1319 673 1381 Si
702 1317 922 1394 agitur
953 1313 1036 1374 de
1060 1312 1324 1374 homine
1347 1316 1642 1391 apprime
1672 1318 1930 1375 versato
1953 1318 2019 1377 in
2042 1315 2260 1392 aliqua
2287 1313 2486 1374 disci-

444 1399 639 1475 plina,
676 1401 742 1456 et
792 1392 1182 1470 caeteroquin
1222 1394 1545 1469 probitate
1584 1400 1765 1464 noto,
1815 1395 1960 1474 eius
1997 1396 2480 1463 testimonium,

443 1481 601 1540 licet
628 1489 761 1536 non
803 1475 1160 1539 infallibile,
1208 1478 1310 1532 est
1343 1478 1561 1533 lamen
1589 1477 1806 1551 gravis
1836 1473 2172 1550 ponderis,

522 1558 589 1617 2⁰
636 1555 700 1614 si
743 1559 1053 1628 ageretur
1085 1552 1168 1615 de
1200 1553 1495 1627 pluribus
1525 1553 1796 1614 scientia
1829 1558 1896 1614 et
1925 1555 2251 1630 probitate
2283 1566 2479 1614 cons-

450 1635 683 1715 picuis,
732 1635 842 1711 qui
891 1634 1069 1696 idem
1114 1631 1337 1693 ferunt
1385 1634 1856 1708 testimonium,
1900 1633 2080 1694 istud
2128 1635 2246 1695 erit
2297 1636 2483 1692 tanto

451 1714 879 1795 probabilius,
1947 1753 1951 1757 ·

538 1795 601 1854 3⁰
648 1794 943 1854 Tandem
999 1791 1156 1852 siin
1200 1793 1489 1868 aliquam
1544 1794 1940 1853 sententiam
2003 1793 2196 1869 periti
2250 1806 2491 1853 omnes

455 1871 869 1937 uniformiter
934 1873 1381 1943 convenirent,
1449 1887 1680 1934 eorum
1724 1875 2164 1935 testimonium
2208 1873 2490 1933 haberet

458 1956 807 2017 maximam
838 1952 1317 2012 auctoritatem.
1743 1964 1746 1969 ·

539 2035 1005 2093 Verumtamen
1035 2030 1195 2091 illud
1229 2033 1424 2091 etiam
1456 2031 1926 2102 testimonium,
1959 2033 2191 2093 saltem
2234 2032 2302 2092 in
2331 2046 2492 2113 qua7

462 2128 751 2190 cumque
791 2112 1085 2180 materia,
1120 2126 1254 2172 non
1287 2115 1388 2171 est
1409 2110 1769 2184 infallibi1e‚
1802 2121 1872 2174 ut
1917 2117 2172 2173 constat
2199 2129 2259 2174 v.
2305 2126 2491 2189 ἐκεῖ

461 2209 685 2254 errore
719 2193 1047 2251 communi
1093 2190 1175 2250 de
1205 2198 1389 2251 motu
1419 2191 1574 2252 solis
1618 2195 1788 2253 circa
1839 2198 2099 2266 terram,
2149 2201 2217 2254 et
2245 2191 2494 2266 telluris

464 2273 916 2334 immobilitate
961 2276 1025 2331 in
1067 2277 1291 2331 centro
1321 2270 1573 2343 mundi,
1607 2278 1732 2332 etc.

549 2352 841 2412 Diximus
869 2353 938 2409 τη
964 2367 1368 2426 quacumque
1396 2353 1699 2424 materia,
1733 2368 1885 2411 nam
1916 2351 2139 2430 quoad
2184 2352 2493 2412 veritates

471 2430 723 2498 obvias,
768 2430 930 2496 illud
975 2433 1423 2491 testimonium
1478 2431 1926 2492 omnimodam
1977 2431 2180 2493 fidem
2219 2433 2501 2510 gignere

519 2516 721 2572 osset.
1294 2543 1300 2549 -
1922 2535 1924 2537 >

470 2529 514 2590 p
554 2591 696 2652 206.
730 2618 807 2634 —
838 2589 967 2648 Sed
1000 2591 1443 2650 testimonium
1472 2588 1852 2662 historicum
1892 2592 2251 2669 praesertim
2293 2591 2498 2652 consi·

475 2669 714 2732 derare
788 2669 1135 2734 debemus,
1207 2677 1435 2746 utpote
1507 2670 1790 2731 strictius
1860 2674 2265 2734 constituens
2319 2672 2492 2732 illum

472 2750 729 2811 fontem
772 2751 1064 2817 veritatis
1094 2748 1427 2810 diversum
1459 2750 1538 2810 ab
1571 2751 1710 2810 aliis
1755 2752 1960 2812 tribus
2006 2769 2172 2828 quos
2218 2768 2504 2829 perpen-

479 2830 721 2891 dimus,
773 2829 936 2889 illud
973 2829 1416 2901 testiinonium
1458 2829 1810 2907 aliquando
1859 2833 2318 2893 certitudinem
2358 2849 2495 2907 pro·

473 2911 617 2988 prie
650 2909 892 2969 dictam
922 2909 1155 2987 gignit,
1189 2909 1541 2986 aliquando
1586 2926 1837 2972 meram
1874 2912 2416 2988 probabilitatem.

564 2991 633 3049 In
692 2990 1126 3065 sequentibus
1187 2989 1484 3050 thesibus
1527 3007 1804 3068 agemus
1863 2992 1922 3051 1⁰
1985 2991 2068 3052 de
2127 2992 2508 3052 auctoritate

477 3083 617 3129 non
648 3069 869 3145 plena,
902 3071 972 3142 2⁰,
1012 3069 1097 3130 de
1127 3071 1515 3131 auctoritate
1557 3071 1779 3147 plena.

482 3228 627 3290 207.
673 3262 751 3272 —
793 3231 1007 3289 Tussis
1068 3231 1111 3291 1.
1165 3232 1620 3291 Testimonium
1647 3232 2030 3302 humanum,
2091 3233 2346 3294 etiamsi
2384 3247 2497 3292 non

558 3308 1089 3391 plenamlzabeac
1121 3312 1598 3386 auctoritatem,
1632 3315 1699 3372 in
1728 3314 1871 3372 vitae
1899 3329 2104 3373 usura
2127 3319 2214 3374 est
2236 3313 2510 3389 prudens

569 3403 804 3448 norma
835 3390 1075 3464 aqendz‘
1096 3394 1155 3450 ec
1162 3391 1521 3466 judicandi.

576 3548 921 3608 Probatur.
981 3547 1139 3609 Illud
1178 3551 1235 3609 1⁰
1290 3549 1472 3626 quod
1528 3553 1920 3629 plerumque
1961 3569 2092 3612 non
2124 3550 2303 3622 fallit,
2347 3554 2403 3610 et
2436 3531 2490 3610 2(ἐ

501 3631 605 3686 est
633 3630 907 3690 omnino>
930 3629 1380 3691 necessarium
1407 3630 1679 3708 homini,
1709 3632 1940 3696 baberi
1979 3631 2184 3696 debet
2213 3640 2488 3709 tanquam
