2650 4242
426 279 429 287 ·
463 285 579 331 trieres
599 282 672 328 rans
694 287 726 327 n.
1047 267 1108 332 119

125 395 228 456 Prout
249 395 393 457 ‘facultas
420 397 623 479 intelligendi
650 401 755 476 primo
783 415 921 461 munere
943 399 1101 480 fungitur.

81 489 211 551 nempe
226 477 364 554 simplici
378 480 495 539 intuitu
523 478 664 556 percipit
690 479 873 550 veritatem,
896 487 1106 558 nuncupatur

83 555 280 625 irttctlcctm·
306 562 404 633 prout
431 560 471 620 ab
494 576 559 620 una
586 561 724 620 veritate
749 565 907 638 percepta
936 560 978 620 ad
1006 561 1102 621 aliam

82 637 209 714 pergit,
226 635 346 698 dicitur
357 640 454 700 ratio.
480 641 558 701 ilinc
585 640 667 700 ratio
697 639 774 705 nttnt
804 645 855 713 est
883 640 971 700 allud
1002 650 1101 718 quam

83 715 159 789 ipse
175 717 372 781 intellectus.
390 727 551 796 quatenus
571 735 709 779 munere
729 717 876 797 iungitur
904 719 1102 781 deveniendi

83 793 119 851 in
134 810 253 855 novam
270 797 490 875 cognitionem
505 815 568 874 ope
583 799 720 858 alterius
729 798 800 874 ,jam
822 799 948 859 habllae.
966 801 1102 861 Ratioci-

83 876 158 933 uari
180 890 260 952 ergo
275 883 309 936 et
323 877 506 956 intelligere
521 877 675 939 differunt
690 881 773 940 sicut
793 881 916 938 moveri
934 883 967 938 et
988 879 1103 956 quies-

86 969 178 1022 cere,
197 957 388 1030 acproindc
401 973 463 1018 non
478 963 555 1021 sunl
569 958 640 1019 duae
667 957 841 1018 facultates
869 957 1023 1028 diversae„
1040 959 1101 1019 sed

83 1032 212 1109 duplex
225 1051 345 1096 munus
360 1035 512 1115 ejusdem
526 1036 698 1098 facultatis.
744 1048 750 1056 ‘

448 1164 466 1224 ἓ
485 1161 506 1214 Ι.
525 1161 566 1214 De
578 1159 746 1221 {intellectu

129 1271 198 1332 189.
215 1305 253 1314 —
270 1271 463 1340 intellectus,
480 1265 577 1350 prout
591 1291 609 1334 a
623 1275 750 1334 ratione
772 1273 990 1353 distinguitur,
1006 1291 1102 1336 nem-

82 1367 128 1426 pe
141 1357 306 1428 quatenus
318 1353 453 1429 simplici
465 1352 583 1415 intuitu
594 1355 921 1431 percipitveritatem
934 1355 1103 1431 duplicem

83 1435 223 1491 exercet
236 1437 358 1502 actum,
374 1434 497 1494 scilicet
513 1453 521 1494 :
1047 1495 1048 1498 ,

128 1513 159 1570 1⁰
174 1510 370 1586 Simpliciter
384 1513 613 1589 apprehendit,
629 1529 690 1574 seu
707 1513 856 1574 eliormat
877 1513 982 1584 ideas,
1017 1556 1021 1563 -

125 1593 158 1651 2⁰
175 1591 366 1651 lmmcdiate
385 1593 528 1673 percipit
551 1609 673 1654 nexum
695 1593 912 1671 quarumdam
937 1593 1102 1667 idearum,

82 1687 148 1737 seu
163 1669 313 1732 efformet
324 1670 448 1748 judicia
463 1673 662 1734 immediata.
780 1727 783 1732 ,

129 1750 197 1810 190.
216 1784 254 1794 -
268 1750 334 1811 Sed
349 1752 398 1811 lric
415 1751 530 1812 sedulo
547 1751 779 1831 distinguenda
795 1757 872 1812 sunt
890 1751 1017 1830 judicia
1040 1754 1104 1812 im·

84 1829 232 1890 mediata
248 1830 409 1908 uindiciis
425 1831 574 1892 mediatis
589 1831 662 1910 (58).
1015 1887 1016 1890 ,

128 1909 296 1970 l⁰ludicia
312 1913 454 1973 mcdtoto
478 1917 553 1971 sunt
576 1913 744 1990 objectum
767 1913 913 1979 rationis,
929 1927 996 1971 non
1022 1927 1102 1972 vero

85 1989 288 2061 inteltectus
304 1995 404 2067 atque
419 1999 578 2051 eruuntur
592 2008 653 2067 per
660 1994 872 2052 'ratiocinium
885 2006 925 2050 ex
936 1991 1005 2050 aliis
1010 1989 1102 2070 judi-

83 2069 144 2128 ciis
159 2070 304 2146 pravis,
318 2087 389 2148 que
403 2077 480 2131 sunt
494 2070 593 2132 veluti
605 2087 715 2141 causa,
728 2087 798 2148 quae
811 2068 996 2130 seeundum
1007 2087 1102 2132 suani

85 2146 327 2224 perlectionem
342 2156 487 2226 spectata
505 2150 606 2211 debet
628 2153 663 2212 in
687 2167 724 2210 se
746 2153 914 2211 continere
931 2150 1087 2212 ellectum

86 2229 190 2306 Hujus
201 2229 334 2307 generis
344 2234 421 2289 sunt
431 2232 538 2290 omnia
550 2231 708 2306 principia
718 2230 996 2292 demonstrabilia.
1009 2230 1101 2292 Mens

85 2312 153 2369 non
168 2314 278 2386 potest
292 2306 409 2369 horu'm
419 2308 621 2388 judiciorum
635 2325 758 2371 nexum
778 2311 925 2370 contueri
950 2312 1012 2371 nisi
1036 2325 1101 2386 opo

82 2387 435 2466 aliorumjudiciorum
449 2387 522 2471 (58).
1053 2457 1056 2466 Δ

123 2469 158 2528 2⁰
171 2467 502 2530 ludicia'immedicto
515 2467 568 2528 illa
582 2471 658 2528 sunt
672 2483 742 2546 que
758 2467 873 2544 previa
888 2467 951 2528 alia
965 2484 1032 2528 non
1046 2482 1100 2528 su·
1194 2481 1200 2491 ·

84 2547 249 2608 baudiunt
259 2548 394 2626 judicia,
411 2547 471 2608 sed
486 2549 592 2610 solum
607 2549 774 2624 simplices
789 2548 1072 2624 apprehensiones
1090 2567 1099 2608 ε

85 2644 115 2686 v.
132 2643 166 2704 g.
186 2632 290 2688 toturn
315 2633 366 2688 est
388 2628 496 2706 majus
520 2642 579 2688 sua
604 2635 711 2704 parte:
729 2627 847 2688 veritas
869 2627 968 2705 hujus
982 2626 1099 2704 judicii

85 2709 196 2767 statim
210 2714 348 2783 apparet
362 2709 462 2784 alque
476 2706 552 2768 idea
568 2709 666 2768 totius
682 2714 714 2767 et
727 2705 802 2767 idea
817 2707 917 2782 partis
932 2710 1032 2768 menti
1043 2707 1100 2767 ob-

85 2792 270 2847 versantur.
285 2785 409 2848 iudicia
423 2787 612 2850 immediata
626 2787 793 2864 objectum
817 2787 984 2862 proprium
1003 2786 1097 2846 intel-

84 2867 187 2928 lectos
200 2866 262 2946 (58)
277 2870 488 2928 constituunt.
507 2868 542 2926 ln
557 2866 626 2926 istis
636 2865 780 2944 judiciis,
798 2882 868 2942 que
883 2881 924 2924 ex
938 2865 1017 2940 ipsis
1027 2871 1097 2926 ter-

85 2945 182 3008 minis
197 2946 360 3023 perceptis
374 2947 612 3024 intelliguntur,
629 2946 796 3022 objectum
811 2943 901 3021 quod
925 2945 1097 3022 cognosci·

85 3030 148 3099 tur,
166 3031 218 3086 est
233 3029 331 3086 etiarn
344 3030 453 3103 rclpsa
468 3026 636 3104 objectum
650 3023 786 3086 formale
801 3025 858 3084 sod
872 3040 935 3099 qno
949 3023 1028 3084 illud
1040 3041 1096 3086 eo·

82 3108 272 3183 gnoscitur:
288 3111 321 3166 et
333 3113 508 3183 propterea
525 3106 678 3166 dicuntur
691 3106 844 3165 veritates
850 3117 913 3178 per
925 3121 959 3164 se
971 3109 1066 3164 notan.

127 3187 196 3247 191,
213 3185 389 3259 -ludicia
418 3203 439 3245 a
460 3185 655 3263 priorum),
672 3189 788 3260 utpote
812 3201 830 3244 a
853 3182 923 3242 sola
948 3181 1098 3243 idearum

83 3265 323 3326 abstractarum
338 3265 601 3326 consideratione
625 3262 841 3341 emergentia,
856 3267 933 3321 sunt
950 3279 1099 3323 neccssa-

83 3348 148 3413 ria,
165 3347 241 3422 qula
265 3345 347 3405 idea
371 3361 441 3421 qua
466 3361 580 3405 eanum
605 3345 807 3405 constituunt
825 3343 1004 3412 materiam,
1021 3346 1099 3402 sunt

83 3424 352 3501 independentes
367 3425 408 3485 ab
423 3425 511 3486 omni
527 3424 652 3484 ratione
668 3422 822 3498 temporis
838 3424 871 3479 et
886 3422 1095 3480 mutationis:
1189 3445 1190 3448 ¹

85 3521 116 3564 v.
134 3520 182 3582 gr.
199 3505 275 3566 idea
287 3507 384 3564 totius
399 3506 432 3563 ct
442 3507 548 3580 portis
561 3509 637 3563 sunt
651 3504 732 3561 inse
746 3500 968 3560 immutabiles
981 3505 1014 3560 et
1027 3499 1097 3560 uni-

84 3585 231 3644 versales
247 3602 254 3644 :
271 3583 361 3645 unde
376 3581 497 3662 judicia
510 3586 581 3651 ipsa
596 3585 671 3642 sunl
687 3580 882 3640 universalia
898 3585 932 3639 et
945 3595 1096 3640 necessa·

86 3665 144 3724 ria.
156 3664 281 3726 iudicia
295 3665 503 3742 apostoriori
513 3662 577 3743 (57,
592 3663 636 3740 2⁰)
646 3666 818 3721 versantur
830 3661 915 3720 circa
925 3657 1010 3719 facta
1021 3675 1098 3720 con·
