2650 4242
454 287 663 334 1331331133
685 289 716 333 n.
1054 270 1112 332 107

88 399 141 462 dit
153 401 346 478 simpliciter
364 419 499 464 omnem
523 400 736 466 formidinem
752 407 882 477 erroris
900 408 934 466 et
948 403 991 464 ad
1004 406 1111 482 ipsam

88 478 299 543 reducuntur
327 481 486 565 certitudo
509 483 645 562 physica
660 489 694 544 et
711 485 870 547 certitudo
885 485 1028 558 moralis.
1046 482 1113 546 Sed

87 561 157 622 hoc
171 562 298 638 pendet
312 580 329 623 a
351 562 478 643 ratione
494 562 719 643 distinguendi
734 566 805 625 illas
827 567 956 642 species
982 567 1114 624 certitu·

90 640 196 711 dinis;
227 643 255 702 si
283 641 459 710 discrimen
484 640 593 719 repeti
622 642 761 706 deberet
781 660 823 705 ex
846 645 973 708 motivis
999 645 1111 720 specie

90 721 235 784 diversis
262 738 333 799 qua
361 738 403 783 ex
424 738 499 784 sese
519 723 737 785 excluderent
750 741 883 786 omnem
901 723 1113 786 formidinem

90 803 225 874 erroris,
240 800 375 864 evidens
390 801 425 864 fit
445 818 547 864 unam
559 820 637 865 3333
654 805 897 872 certitudinem,
908 803 1112 883 metaphysi-

89 897 168 942 cam
183 882 380 956 absolutam,
403 899 478 943 cum
491 884 717 962 hypothetica,
738 885 913 963 hypothesi
933 882 1109 958 verificata,

91 959 254 1022 fundetur
265 964 362 1024 etiam
376 963 410 1023 in
425 962 602 1026 intrinseca
616 964 665 1026 rei
682 965 892 1037 necessitate,
918 979 979 1026 seu
997 962 1113 1026 reduci

94 1043 203 1119 possit
217 1041 260 1102 ad
282 1043 476 1104 absolutam.

63 1153 68 1160 -
133 1123 188 1182 His
205 1123 388 1262 3333113313,
405 1122 504 1200 quari
516 1120 736 1184 dehetutrum
758 1123 876 1186 dentur
890 1124 923 1185 in
940 1122 1108 1185 certitudi-

91 1218 137 1263 ne
159 1217 221 1282 gra
247 1217 310 1263 us:
423 1264 426 1270 ,

136 1327 378 1387 171.-1111313
393 1326 417 1386 1.
434 1330 582 1400 Spectato
592 1327 794 1388 solummodo
805 1328 994 1389 adhaesionis
1008 1328 1112 1388 13133-

134 1408 242 1478 stacte,
257 1408 382 1482 proclus
392 1407 426 1465 13
439 1407 631 1466 certitudine
644 1408 813 1467 hahentur.

133 1524 220 1583 Nota
234 1524 256 1582 l.
270 1519 438 1582 certitudo
448 1518 600 1582 firmitate
620 1521 811 1584 adhaesionis
828 1523 1025 1597 continetur,
1043 1538 1113 1599 quae

91 1601 228 1663 duobus
249 1601 457 1662 constituitur
481 1621 489 1661 :
508 1604 538 1662 l⁰
553 1602 743 1665 exclusione
759 1600 860 1673 dubii,
876 1604 907 1662 2⁰
921 1602 1112 1664 intensitate

90 1698 264 1742 assensus.
291 1680 407 1756 Quoad
421 1681 573 1759 primurn,
591 1681 753 1742 certitudo
769 1686 834 1742 stat
847 1684 882 1742 in
892 1682 1079 1744 indivisibili
1104 1703 1110 1742 :

90 1765 232 1840 negatio
241 1759 423 1822 formidinis
439 1763 576 1822 actualis
588 1762 666 1823 inse
678 1765 826 1838 spectata
839 1777 906 1822 non
920 1758 1021 1822 hah'et
1035 1777 1110 1840 gra·

91 1841 159 1902 dus
186 1841 334 1903 diversos
362 1857 527 1920 :semper
553 1843 640 1904 enim
669 1858 801 1902 omnem
817 1842 994 1902 excludere
1011 1840 1113 1903 dehet

91 1920 228 1983 errandi
250 1919 471 1982 formidinem.
502 1920 568 1985 Sed
595 1921 623 1982 si
643 1923 751 1999 agitur
780 1920 821 1982 de
846 1923 916 1982 3313
932 1924 1111 1984 1313331313

90 2017 253 2063 assensus
269 2005 302 2061 31
317 2000 477 2077 dignitate
500 2003 664 2062 rationum
680 2018 749 2079 quae
763 2002 854 2062 illurn
878 2002 1111 2075 determinant,

92 2079 407 2160 habenturgradus.
635 2127 638 2131 .

132 2164 219 2222 Nota
250 2162 285 2221 ll.
317 2161 389 2222 Duo
416 2175 477 2236 per
501 2176 538 2220 33
571 2164 772 2220 3333311331
799 2161 841 2222 ad
879 2160 1112 2222 certitudinem

90 2240 332 2320 gignendam:
363 2240 523 2301 motivum
550 2239 717 2319 hujusque
748 2242 928 2317 perceptio,
953 2241 1034 2302 illud
1072 2244 1109 2302 ut

90 2337 195 2382 causa
210 2321 341 2398 proprie
358 2319 540 2393 (1131311313
554 2324 591 2380 ut
609 2319 751 2381 conditio
780 2321 851 2380 sine
868 2337 933 2398 qua
947 2336 1026 2382 non.

134 2402 232 2462 Proh.
260 2400 387 2462 Gradus
409 2402 443 2461 in
469 2399 662 2461 adhaesionis
694 2401 882 2461 intensitate
924 2400 1109 2476 proportio·

92 2482 178 2542 nalis
199 2486 250 2542 est
285 2478 426 2541 firmitati
450 2481 648 2541 motivorunr
677 2485 709 2540 et
736 2480 870 2541 claritati
899 2481 1107 2558 cognitionis.

92 2562 194 2638 Atqui
222 2563 312 2622 varia
327 2565 378 2620 est
395 2558 530 2621 firmitas
544 2561 578 2620 in
594 2560 730 2621 diversis
746 2559 885 2628 motivis,
898 2561 986 2620 varia
1011 2559 1110 2619 etia'rn

91 2642 225 2703 claritas
241 2640 446 2718 cognitionis.
463 2640 547 2718 Ergo
555 2640 633 2700 varii
648 2637 768 2699 dantur
782 2639 905 2718 gradus
920 2639 955 2701 in
973 2640 1107 2701 certitu·

94 2721 172 2781 dine
189 2721 300 2796 quoad
311 2719 503 2780 adhaesionis
513 2721 747 2780 intensitatem.

133 2802 246 2876 Major·
267 2805 317 2861 est
341 2798 487 2871 evidens
504 2815 581 2859 narn
596 2815 728 2877 semper
744 2797 881 2859 effectus
901 2801 951 2858 est
973 2813 1109 2876 propor-

94 2881 225 3020 nonags
261 2879 445 2941 efficacitati
479 2894 584 2940 caus-s
619 2885 652 2940 31
687 2877 861 2956 aptitudini
882 2877 1109 2938 conditionum

95 2976 182 3020 aven
209 2980 230 3020 1.

114 3008 392 3100 θ133131333113.
415 3041 443 3099 l·
452 3053 544 3114 pars.
568 3040 597 3098 1⁰
611 3037 766 3099 Motivum
792 3036 994 3098 certitudinis
1009 3041 1112 3098 meta-

93 3120 236 3198 physica
265 3125 315 3180 est
333 3118 509 3181 intrinseca
533 3116 685 3179 idearum
715 3117 888 3188 connexio,
902 3133 973 3191 31131
984 3117 1110 3178 1111113111

93 3216 230 3277 prorsus
259 3201 379 3276 patitur
408 3198 639 3273 exceptionem
670 3217 677 3256 :
704 3213 735 3257 v.
752 3213 784 3274 g.
801 3197 868 3258 haec
897 3197 1108 3273 propositio:

94 3285 201 3341 toturn
216 3280 383 3358 estmajus
398 3294 457 3338 sua
472 3283 577 3355 parte,
593 3276 637 3337 ita
654 3281 705 3338 est
719 3293 796 3337 vera
810 3281 847 3336 ut
861 3277 951 3336 nulla
963 3277 993 3336 ei
1009 3275 1111 3353 possit

93 3362 219 3437 opponi
244 3361 406 3436 exceptio.
433 3360 464 3418 2³
491 3357 643 3418 Motivum
673 3355 873 3418 certitudinis
899 3356 1040 3434 physica
1061 3361 1114 3416 est

93 3439 415 3516 constantialegum
439 3443 572 3511 natura,
591 3437 710 3514 quihus
734 3441 843 3512 potest
873 3436 1026 3514 derogari
1050 3452 1112 3512 per

91 3520 301 3589 miraculum,
312 3519 457 3596 ideoque
462 3518 533 3596 jam
548 3521 657 3578 minus
673 3520 724 3576 331
736 3515 877 3586 1111113111,
895 3532 956 3576 seu
970 3515 1108 3578 stabile:

92 3617 124 3661 v.
155 3617 190 3675 g.
219 3601 307 3676 ignis
335 3599 505 3665 comburit,
531 3597 592 3658 nisi
620 3601 731 3657 tamen
760 3598 852 3657 aliter
880 3597 968 3656 Deus
979 3595 1107 3674 jubeat.

92 3682 126 3741 3⁰
153 3679 309 3742 Motivum
337 3676 540 3740 certitudinis
567 3676 699 3737 moralis
724 3683 773 3737 est
801 3675 984 3738 constantia
994 3677 1109 3754 legum
