<?xml version="1.0" encoding="UTF-8"?>
<!DOCTYPE html PUBLIC "-//W3C//DTD XHTML 1.0 Transitional//EN"
    "http://www.w3.org/TR/xhtml1/DTD/xhtml1-transitional.dtd">
<html xmlns="http://www.w3.org/1999/xhtml" xml:lang="en" lang="en">
 <head>
  <title>
</title>
<meta http-equiv="Content-Type" content="text/html;charset=utf-8" />
  <meta name='ocr-system' content='tesseract 3.04.00' />
  <meta name='ocr-capabilities' content='ocr_page ocr_carea ocr_par ocr_line ocrx_word'/>
</head>
<body>
  <div class='ocr_page' id='page_1' title='image "./brevariumphilos01grangoog_0136.png"; bbox 0 0 2650 4242; ppageno 0'>
   <div class='ocr_carea' id='block_1_1' title="bbox 536 284 935 331">
    <p class='ocr_par' dir='ltr' id='par_1_1' title="bbox 536 284 935 331">
     <span class='ocr_line' id='line_1_1' title="bbox 536 284 935 331; baseline -0.005 -3"><span class='ocrx_word' id='word_1_1' title='bbox 536 287 712 331; x_wconf 80' lang='lat' dir='ltr'>bnuvmttttrtt</span> <span class='ocrx_word' id='word_1_2' title='bbox 735 284 935 330; x_wconf 67' lang='lat' dir='ltr'>ruttttsortttn</span> 
     </span>
    </p>
   </div>
   <div class='ocr_carea' id='block_1_2' title="bbox 499 427 904 630">
    <p class='ocr_par' dir='ltr' id='par_1_2' title="bbox 499 427 904 630">
     <span class='ocr_line' id='line_1_2' title="bbox 594 427 869 492; baseline -0.011 -2"><span class='ocrx_word' id='word_1_3' title='bbox 594 427 869 492; x_wconf 78' lang='lat' dir='ltr'>naricuousm.</span> 
     </span>
     <span class='ocr_line' id='line_1_3' title="bbox 499 539 904 630; baseline -0.01 -17"><span class='ocrx_word' id='word_1_4' title='bbox 499 565 502 569; x_wconf 45' lang='lat'><strong><em>⁴</em></strong></span> <span class='ocrx_word' id='word_1_5' title='bbox 560 539 858 630; x_wconf 68' lang='lat' dir='ltr'>becuettheuu(</span> <span class='ocrx_word' id='word_1_6' title='bbox 882 550 904 628; x_wconf 86' lang='grc'>).</span> 
     </span>
    </p>
   </div>
   <div class='ocr_carea' id='block_1_3' title="bbox 223 673 1229 911">
    <p class='ocr_par' dir='ltr' id='par_1_3' title="bbox 223 673 1229 911">
     <span class='ocr_line' id='line_1_4' title="bbox 268 673 1229 750; baseline -0.003 -15"><span class='ocrx_word' id='word_1_7' title='bbox 268 675 336 736; x_wconf 85' lang='grc'><strong>187.</strong></span> <span class='ocrx_word' id='word_1_8' title='bbox 367 676 537 735; x_wconf 79' lang='lat' dir='ltr'>—Tnssrs</span> <span class='ocrx_word' id='word_1_9' title='bbox 561 678 682 735; x_wconf 81' lang='lat' dir='ltr'>Prater</span> <span class='ocrx_word' id='word_1_10' title='bbox 702 675 875 750; x_wconf 68' lang='lat' dir='ltr'><em>facultates</em></span> <span class='ocrx_word' id='word_1_11' title='bbox 902 673 1068 742; x_wconf 76' lang='lat' dir='ltr'>seruiebat,</span> <span class='ocrx_word' id='word_1_12' title='bbox 1094 687 1229 747; x_wconf 83' lang='lat' dir='ltr'>quarum</span> 
     </span>
     <span class='ocr_line' id='line_1_5' title="bbox 223 752 1229 830; baseline -0.004 -16"><span class='ocrx_word' id='word_1_13' title='bbox 223 756 433 815; x_wconf 77' lang='lat' dir='ltr'><strong><em>veracitatem</em></strong></span> <span class='ocrx_word' id='word_1_14' title='bbox 451 756 739 830; x_wconf 74' lang='lat' dir='ltr'><em>comprobavimus,</em></span> <span class='ocrx_word' id='word_1_15' title='bbox 766 757 860 814; x_wconf 81' lang='lat' dir='ltr'>tronto</span> <span class='ocrx_word' id='word_1_16' title='bbox 883 752 1042 826; x_wconf 72' lang='lat' dir='ltr'><em>facultate</em></span> <span class='ocrx_word' id='word_1_17' title='bbox 1065 753 1229 828; x_wconf 83' lang='lat' dir='ltr'>superiora</span> 
     </span>
     <span class='ocr_line' id='line_1_6' title="bbox 224 835 848 911; baseline 0 -17"><span class='ocrx_word' id='word_1_18' title='bbox 224 839 365 894; x_wconf 79' lang='lat' dir='ltr'>ornatur</span> <span class='ocrx_word' id='word_1_19' title='bbox 378 850 444 910; x_wconf 84' lang='lat' dir='ltr'>qua</span> <span class='ocrx_word' id='word_1_20' title='bbox 453 836 592 909; x_wconf 78' lang='lat' dir='ltr'>percepit</span> <span class='ocrx_word' id='word_1_21' title='bbox 614 835 848 911; x_wconf 79' lang='lat' dir='ltr'>tu-tcttipibiir&#39;a.</span> 
     </span>
    </p>
   </div>
   <div class='ocr_carea' id='block_1_4' title="bbox 176 937 1234 2049">
    <p class='ocr_par' dir='ltr' id='par_1_4' title="bbox 176 937 1232 1258">
     <span class='ocr_line' id='line_1_7' title="bbox 265 937 1231 1016; baseline 0 -18"><span class='ocrx_word' id='word_1_22' title='bbox 265 940 449 1000; x_wconf 66' lang='lat' dir='ltr'>Probatur·</span> <span class='ocrx_word' id='word_1_23' title='bbox 471 941 500 999; x_wconf 83' lang='lat'>1⁰</span> <span class='ocrx_word' id='word_1_24' title='bbox 521 938 655 1001; x_wconf 84' lang='lat' dir='ltr'><em>Constat</em></span> <span class='ocrx_word' id='word_1_25' title='bbox 684 944 772 1003; x_wconf 88' lang='lat' dir='ltr'>enim</span> <span class='ocrx_word' id='word_1_26' title='bbox 801 940 1003 1016; x_wconf 82' lang='lat' dir='ltr'>experientia</span> <span class='ocrx_word' id='word_1_27' title='bbox 1030 952 1092 998; x_wconf 85' lang='lat' dir='ltr'>nos</span> <span class='ocrx_word' id='word_1_28' title='bbox 1113 937 1231 998; x_wconf 87' lang='lat' dir='ltr'>habere</span> 
     </span>
     <span class='ocr_line' id='line_1_8' title="bbox 224 1017 1232 1096; baseline 0 -18"><span class='ocrx_word' id='word_1_29' title='bbox 224 1018 384 1096; x_wconf 85' lang='lat' dir='ltr'>quasdam</span> <span class='ocrx_word' id='word_1_30' title='bbox 404 1035 519 1079; x_wconf 88' lang='lat' dir='ltr'>rerum</span> <span class='ocrx_word' id='word_1_31' title='bbox 533 1020 795 1080; x_wconf 80' lang='lat' dir='ltr'>immaterialium</span> <span class='ocrx_word' id='word_1_32' title='bbox 810 1021 961 1080; x_wconf 91' lang='lat' dir='ltr'>notiones</span> <span class='ocrx_word' id='word_1_33' title='bbox 978 1035 1048 1096; x_wconf 88' lang='lat' dir='ltr'>quae</span> <span class='ocrx_word' id='word_1_34' title='bbox 1063 1017 1103 1077; x_wconf 89' lang='lat' dir='ltr'>ad</span> <span class='ocrx_word' id='word_1_35' title='bbox 1121 1033 1232 1078; x_wconf 88' lang='lat' dir='ltr'>sensus</span> 
     </span>
     <span class='ocr_line' id='line_1_9' title="bbox 223 1097 1232 1178; baseline -0.002 -20"><span class='ocrx_word' id='word_1_36' title='bbox 223 1097 338 1159; x_wconf 82' lang='lat' dir='ltr'>referri</span> <span class='ocrx_word' id='word_1_37' title='bbox 349 1105 531 1176; x_wconf 90' lang='lat' dir='ltr'>nequeunt.</span> <span class='ocrx_word' id='word_1_38' title='bbox 549 1101 724 1174; x_wconf 79' lang='lat' dir='ltr'>Habemus,</span> <span class='ocrx_word' id='word_1_39' title='bbox 741 1117 770 1162; x_wconf 91' lang='lat' dir='ltr'>v.</span> <span class='ocrx_word' id='word_1_40' title='bbox 789 1115 852 1178; x_wconf 70' lang='lat' dir='ltr'>gr,</span> <span class='ocrx_word' id='word_1_41' title='bbox 865 1101 1033 1160; x_wconf 89' lang='lat' dir='ltr'>notionem</span> <span class='ocrx_word' id='word_1_42' title='bbox 1050 1098 1122 1167; x_wconf 88' lang='lat' dir='ltr'>Dei,</span> <span class='ocrx_word' id='word_1_43' title='bbox 1138 1113 1232 1176; x_wconf 87' lang='lat' dir='ltr'>ange-</span> 
     </span>
     <span class='ocr_line' id='line_1_10' title="bbox 176 1179 1022 1258; baseline -0.005 -18"><span class='ocrx_word' id='word_1_44' title='bbox 176 1205 179 1215; x_wconf 77' lang='lat'><em>=</em></span> <span class='ocrx_word' id='word_1_45' title='bbox 233 1196 341 1245; x_wconf 84' lang='lat' dir='ltr'>orum,</span> <span class='ocrx_word' id='word_1_46' title='bbox 358 1185 435 1247; x_wconf 81' lang='lat' dir='ltr'>etc,</span> <span class='ocrx_word' id='word_1_47' title='bbox 452 1195 522 1256; x_wconf 81' lang='lat' dir='ltr'>que</span> <span class='ocrx_word' id='word_1_48' title='bbox 537 1181 689 1241; x_wconf 88' lang='lat' dir='ltr'>sensibus</span> <span class='ocrx_word' id='word_1_49' title='bbox 704 1197 769 1241; x_wconf 93' lang='lat' dir='ltr'>non</span> <span class='ocrx_word' id='word_1_50' title='bbox 785 1179 1022 1258; x_wconf 88' lang='lat' dir='ltr'>percipiuntur.</span> 
     </span>
    </p>

    <p class='ocr_par' dir='ltr' id='par_1_5' title="bbox 221 1255 1234 2049">
     <span class='ocr_line' id='line_1_11' title="bbox 263 1255 1233 1321; baseline -0.002 -3"><span class='ocrx_word' id='word_1_51' title='bbox 263 1262 295 1318; x_wconf 79' lang='lat'>2⁰</span> <span class='ocrx_word' id='word_1_52' title='bbox 316 1258 471 1319; x_wconf 80' lang='lat' dir='ltr'>Praeterea</span> <span class='ocrx_word' id='word_1_53' title='bbox 489 1257 607 1320; x_wconf 89' lang='lat' dir='ltr'>eodem</span> <span class='ocrx_word' id='word_1_54' title='bbox 630 1259 728 1320; x_wconf 92' lang='lat' dir='ltr'>modo</span> <span class='ocrx_word' id='word_1_55' title='bbox 754 1263 883 1321; x_wconf 84' lang='lat' dir='ltr'>constat</span> <span class='ocrx_word' id='word_1_56' title='bbox 904 1257 936 1319; x_wconf 90' lang='lat' dir='ltr'>in</span> <span class='ocrx_word' id='word_1_57' title='bbox 948 1260 1049 1318; x_wconf 91' lang='lat' dir='ltr'>rebus</span> <span class='ocrx_word' id='word_1_58' title='bbox 1064 1255 1233 1316; x_wconf 89' lang='lat' dir='ltr'>materiali-</span> 
     </span>
     <span class='ocr_line' id='line_1_12' title="bbox 222 1337 1234 1416; baseline 0.002 -20"><span class='ocrx_word' id='word_1_59' title='bbox 222 1339 285 1398; x_wconf 91' lang='lat' dir='ltr'>bus</span> <span class='ocrx_word' id='word_1_60' title='bbox 299 1355 360 1398; x_wconf 91' lang='lat' dir='ltr'>nos</span> <span class='ocrx_word' id='word_1_61' title='bbox 376 1354 578 1416; x_wconf 82' lang='lat' dir='ltr'>cognoscere</span> <span class='ocrx_word' id='word_1_62' title='bbox 601 1355 668 1400; x_wconf 93' lang='lat' dir='ltr'>non</span> <span class='ocrx_word' id='word_1_63' title='bbox 685 1337 909 1400; x_wconf 89' lang='lat' dir='ltr'>tantummodo</span> <span class='ocrx_word' id='word_1_64' title='bbox 929 1338 1161 1415; x_wconf 73' lang='lat' dir='ltr'>phaenomena,</span> <span class='ocrx_word' id='word_1_65' title='bbox 1179 1353 1234 1398; x_wconf 92' lang='lat' dir='ltr'>seu</span> 
     </span>
     <span class='ocr_line' id='line_1_13' title="bbox 222 1415 1233 1496; baseline 0.002 -20"><span class='ocrx_word' id='word_1_66' title='bbox 222 1417 406 1479; x_wconf 88' lang='lat' dir='ltr'>accidentia</span> <span class='ocrx_word' id='word_1_67' title='bbox 434 1424 571 1479; x_wconf 84' lang='lat' dir='ltr'>externa</span> <span class='ocrx_word' id='word_1_68' title='bbox 600 1425 763 1496; x_wconf 84' lang='lat' dir='ltr'>quatenus</span> <span class='ocrx_word' id='word_1_69' title='bbox 782 1434 851 1478; x_wconf 73' lang='lat' dir='ltr'>nos&#39;</span> <span class='ocrx_word' id='word_1_70' title='bbox 870 1417 1026 1488; x_wconf 87' lang='lat' dir='ltr'>afficiunt,</span> <span class='ocrx_word' id='word_1_71' title='bbox 1057 1415 1233 1478; x_wconf 83' lang='lat' dir='ltr'>sedetiam</span> 
     </span>
     <span class='ocr_line' id='line_1_14' title="bbox 223 1495 1233 1575; baseline 0 -18"><span class='ocrx_word' id='word_1_72' title='bbox 223 1500 399 1558; x_wconf 75' lang='lat' dir='ltr'>essentiam</span> <span class='ocrx_word' id='word_1_73' title='bbox 414 1499 571 1567; x_wconf 86' lang='lat' dir='ltr'>intimam,</span> <span class='ocrx_word' id='word_1_74' title='bbox 588 1514 648 1559; x_wconf 92' lang='lat' dir='ltr'>seu</span> <span class='ocrx_word' id='word_1_75' title='bbox 669 1516 723 1559; x_wconf 90' lang='lat' dir='ltr'>res</span> <span class='ocrx_word' id='word_1_76' title='bbox 739 1502 825 1575; x_wconf 88' lang='lat' dir='ltr'>ipsas</span> <span class='ocrx_word' id='word_1_77' title='bbox 841 1495 951 1575; x_wconf 90' lang='lat' dir='ltr'>quoad</span> <span class='ocrx_word' id='word_1_78' title='bbox 961 1514 1007 1558; x_wconf 90' lang='lat' dir='ltr'>se.</span> <span class='ocrx_word' id='word_1_79' title='bbox 1027 1497 1233 1573; x_wconf 83' lang='lat' dir='ltr'>Experientia</span> 
     </span>
     <span class='ocr_line' id='line_1_15' title="bbox 222 1576 1233 1655; baseline 0.004 -23"><span class='ocrx_word' id='word_1_80' title='bbox 222 1579 311 1637; x_wconf 84' lang='lat' dir='ltr'>enim</span> <span class='ocrx_word' id='word_1_81' title='bbox 326 1580 456 1646; x_wconf 87' lang='lat' dir='ltr'>scimus,</span> <span class='ocrx_word' id='word_1_82' title='bbox 470 1595 499 1638; x_wconf 91' lang='lat' dir='ltr'>v.</span> <span class='ocrx_word' id='word_1_83' title='bbox 513 1595 559 1655; x_wconf 69' lang='lat' dir='ltr'>g„</span> <span class='ocrx_word' id='word_1_84' title='bbox 572 1594 633 1640; x_wconf 90' lang='lat' dir='ltr'>nos</span> <span class='ocrx_word' id='word_1_85' title='bbox 649 1595 714 1638; x_wconf 92' lang='lat' dir='ltr'>non</span> <span class='ocrx_word' id='word_1_86' title='bbox 727 1577 953 1639; x_wconf 89' lang='lat' dir='ltr'>tantummodo</span> <span class='ocrx_word' id='word_1_87' title='bbox 965 1576 1138 1654; x_wconf 85' lang='lat' dir='ltr'>percipere</span> <span class='ocrx_word' id='word_1_88' title='bbox 1153 1577 1233 1638; x_wconf 89' lang='lat' dir='ltr'>hanc</span> 
     </span>
     <span class='ocr_line' id='line_1_16' title="bbox 222 1658 1234 1732; baseline 0.001 -17"><span class='ocrx_word' id='word_1_89' title='bbox 222 1658 376 1716; x_wconf 86' lang='lat' dir='ltr'>arborem</span> <span class='ocrx_word' id='word_1_90' title='bbox 392 1659 633 1732; x_wconf 82' lang='lat' dir='ltr'>particularem.</span> <span class='ocrx_word' id='word_1_91' title='bbox 659 1659 748 1718; x_wconf 89' lang='lat' dir='ltr'>hunc</span> <span class='ocrx_word' id='word_1_92' title='bbox 761 1659 929 1719; x_wconf 90' lang='lat' dir='ltr'>hominem</span> <span class='ocrx_word' id='word_1_93' title='bbox 943 1658 1087 1727; x_wconf 90' lang='lat' dir='ltr'>Petrum,</span> <span class='ocrx_word' id='word_1_94' title='bbox 1106 1662 1183 1722; x_wconf 81' lang='lat' dir='ltr'>etc..</span> <span class='ocrx_word' id='word_1_95' title='bbox 1200 1661 1234 1717; x_wconf 89' lang='lat' dir='ltr'>ut</span> 
     </span>
     <span class='ocr_line' id='line_1_17' title="bbox 222 1734 1232 1813; baseline 0.001 -17"><span class='ocrx_word' id='word_1_96' title='bbox 222 1752 284 1797; x_wconf 86' lang='lat' dir='ltr'>nos</span> <span class='ocrx_word' id='word_1_97' title='bbox 299 1734 454 1806; x_wconf 87' lang='lat' dir='ltr'>afficiunt,</span> <span class='ocrx_word' id='word_1_98' title='bbox 478 1737 538 1797; x_wconf 90' lang='lat' dir='ltr'>sed</span> <span class='ocrx_word' id='word_1_99' title='bbox 561 1741 660 1799; x_wconf 77' lang='lat' dir='ltr'>etiam</span> <span class='ocrx_word' id='word_1_100' title='bbox 675 1755 736 1798; x_wconf 83' lang='lat' dir='ltr'>nos</span> <span class='ocrx_word' id='word_1_101' title='bbox 753 1743 951 1813; x_wconf 88' lang='lat' dir='ltr'>conceptum</span> <span class='ocrx_word' id='word_1_102' title='bbox 965 1737 1088 1798; x_wconf 89' lang='lat' dir='ltr'>babere</span> <span class='ocrx_word' id='word_1_103' title='bbox 1111 1736 1232 1797; x_wconf 90' lang='lat' dir='ltr'>arboris</span> 
     </span>
     <span class='ocr_line' id='line_1_18' title="bbox 222 1815 1230 1894; baseline 0 -20"><span class='ocrx_word' id='word_1_104' title='bbox 222 1818 407 1893; x_wconf 78' lang='lat' dir='ltr'>generatim</span> <span class='ocrx_word' id='word_1_105' title='bbox 422 1822 570 1894; x_wconf 83' lang='lat' dir='ltr'>sumptae,</span> <span class='ocrx_word' id='word_1_106' title='bbox 588 1823 621 1878; x_wconf 90' lang='lat' dir='ltr'>et</span> <span class='ocrx_word' id='word_1_107' title='bbox 635 1818 776 1878; x_wconf 71' lang='lat' dir='ltr'>hominls</span> <span class='ocrx_word' id='word_1_108' title='bbox 790 1821 823 1878; x_wconf 84' lang='lat' dir='ltr'>iu</span> <span class='ocrx_word' id='word_1_109' title='bbox 837 1821 963 1893; x_wconf 77' lang='lat' dir='ltr'>ponere,</span> <span class='ocrx_word' id='word_1_110' title='bbox 990 1821 1070 1884; x_wconf 76' lang='lat' dir='ltr'>etc..</span> <span class='ocrx_word' id='word_1_111' title='bbox 1088 1819 1132 1876; x_wconf 89' lang='lat' dir='ltr'>ita</span> <span class='ocrx_word' id='word_1_112' title='bbox 1151 1821 1187 1876; x_wconf 93' lang='lat' dir='ltr'>ui</span> <span class='ocrx_word' id='word_1_113' title='bbox 1202 1815 1230 1875; x_wconf 90' lang='lat' dir='ltr'>hi</span> 
     </span>
     <span class='ocr_line' id='line_1_19' title="bbox 221 1893 1231 1974; baseline 0.002 -19"><span class='ocrx_word' id='word_1_114' title='bbox 221 1901 415 1973; x_wconf 71' lang='lat' dir='ltr'>conceptus</span> <span class='ocrx_word' id='word_1_115' title='bbox 432 1913 507 1956; x_wconf 89' lang='lat' dir='ltr'>cum</span> <span class='ocrx_word' id='word_1_116' title='bbox 523 1896 641 1957; x_wconf 89' lang='lat' dir='ltr'>eadem</span> <span class='ocrx_word' id='word_1_117' title='bbox 669 1901 819 1968; x_wconf 87' lang='lat' dir='ltr'>veritate,</span> <span class='ocrx_word' id='word_1_118' title='bbox 848 1893 1014 1974; x_wconf 77' lang='lat' dir='ltr'>predicari</span> <span class='ocrx_word' id='word_1_119' title='bbox 1037 1897 1164 1972; x_wconf 89' lang='lat' dir='ltr'>possint</span> <span class='ocrx_word' id='word_1_120' title='bbox 1192 1896 1231 1957; x_wconf 86' lang='lat' dir='ltr'>de</span> 
     </span>
     <span class='ocr_line' id='line_1_20' title="bbox 221 1975 1232 2049; baseline 0 -13"><span class='ocrx_word' id='word_1_121' title='bbox 221 1976 373 2036; x_wconf 78' lang='lat' dir='ltr'>cornibus</span> <span class='ocrx_word' id='word_1_122' title='bbox 398 1976 581 2049; x_wconf 88' lang='lat' dir='ltr'>arboribus,</span> <span class='ocrx_word' id='word_1_123' title='bbox 599 1976 641 2037; x_wconf 91' lang='lat' dir='ltr'>de</span> <span class='ocrx_word' id='word_1_124' title='bbox 657 1978 809 2038; x_wconf 88' lang='lat' dir='ltr'>omnibus</span> <span class='ocrx_word' id='word_1_125' title='bbox 824 1976 1022 2042; x_wconf 88' lang='lat' dir='ltr'>hominibus,</span> <span class='ocrx_word' id='word_1_126' title='bbox 1045 1980 1109 2035; x_wconf 90' lang='lat' dir='ltr'>etc.</span> <span class='ocrx_word' id='word_1_127' title='bbox 1141 1975 1232 2037; x_wconf 90' lang='lat' dir='ltr'>abso-</span> 
     </span>
    </p>
   </div>
   <div class='ocr_carea' id='block_1_5' title="bbox 135 2054 1231 2132">
    <p class='ocr_par' dir='ltr' id='par_1_6' title="bbox 135 2054 1231 2132">
     <span class='ocr_line' id='line_1_21' title="bbox 135 2054 1231 2132; baseline 0.003 -19"><span class='ocrx_word' id='word_1_128' title='bbox 135 2070 139 2075; x_wconf 85' lang='grc'><em>·</em></span> <span class='ocrx_word' id='word_1_129' title='bbox 221 2056 291 2114; x_wconf 89' lang='lat' dir='ltr'>lute</span> <span class='ocrx_word' id='word_1_130' title='bbox 315 2056 464 2130; x_wconf 88' lang='lat' dir='ltr'>sumptis.</span> <span class='ocrx_word' id='word_1_131' title='bbox 496 2058 595 2127; x_wconf 70' lang='lat' dir='ltr'>igitur</span> <span class='ocrx_word' id='word_1_132' title='bbox 629 2056 659 2118; x_wconf 90' lang='lat' dir='ltr'>hi</span> <span class='ocrx_word' id='word_1_133' title='bbox 685 2063 876 2132; x_wconf 81' lang='lat' dir='ltr'>conceptue,</span> <span class='ocrx_word' id='word_1_134' title='bbox 906 2071 981 2115; x_wconf 90' lang='lat' dir='ltr'>cum</span> <span class='ocrx_word' id='word_1_135' title='bbox 1010 2054 1052 2114; x_wconf 91' lang='lat' dir='ltr'>de</span> <span class='ocrx_word' id='word_1_136' title='bbox 1080 2055 1231 2116; x_wconf 87' lang='lat' dir='ltr'>omnibus</span> 
     </span>
    </p>
   </div>
   <div class='ocr_carea' id='block_1_6' title="bbox 220 2133 1233 3550">
    <p class='ocr_par' dir='ltr' id='par_1_7' title="bbox 220 2133 1232 2450">
     <span class='ocr_line' id='line_1_22' title="bbox 221 2133 1229 2213; baseline -0.001 -19"><span class='ocrx_word' id='word_1_137' title='bbox 221 2133 397 2195; x_wconf 85' lang='lat' dir='ltr'>individuis</span> <span class='ocrx_word' id='word_1_138' title='bbox 426 2135 579 2213; x_wconf 85' lang='lat' dir='ltr'>ejusdem</span> <span class='ocrx_word' id='word_1_139' title='bbox 600 2136 724 2212; x_wconf 89' lang='lat' dir='ltr'>speciei</span> <span class='ocrx_word' id='word_1_140' title='bbox 747 2136 810 2196; x_wconf 89' lang='lat' dir='ltr'>dici</span> <span class='ocrx_word' id='word_1_141' title='bbox 838 2135 976 2212; x_wconf 87' lang='lat' dir='ltr'>possint,</span> <span class='ocrx_word' id='word_1_142' title='bbox 999 2135 1077 2195; x_wconf 87' lang='lat' dir='ltr'>sunt</span> <span class='ocrx_word' id='word_1_143' title='bbox 1104 2140 1229 2196; x_wconf 81' lang='lat' dir='ltr'>uuiver-</span> 
     </span>
     <span class='ocr_line' id='line_1_23' title="bbox 220 2212 1232 2294; baseline 0 -20"><span class='ocrx_word' id='word_1_144' title='bbox 220 2215 304 2275; x_wconf 82' lang='lat' dir='ltr'>sutes</span> <span class='ocrx_word' id='word_1_145' title='bbox 315 2212 376 2285; x_wconf 72' lang='lat'>(35,</span> <span class='ocrx_word' id='word_1_146' title='bbox 392 2214 454 2291; x_wconf 83' lang='lat' dir='ltr'>te).</span> <span class='ocrx_word' id='word_1_147' title='bbox 466 2217 563 2294; x_wconf 82' lang='lat' dir='ltr'>Ergo,</span> <span class='ocrx_word' id='word_1_148' title='bbox 580 2221 696 2290; x_wconf 81' lang='lat' dir='ltr'>prater</span> <span class='ocrx_word' id='word_1_149' title='bbox 711 2232 839 2287; x_wconf 71' lang='lat' dir='ltr'>sensus</span> <span class='ocrx_word' id='word_1_150' title='bbox 855 2213 1043 2274; x_wconf 82' lang='lat' dir='ltr'>facultatem</span> <span class='ocrx_word' id='word_1_151' title='bbox 1071 2215 1232 2275; x_wconf 88' lang='lat' dir='ltr'>habemus</span> 
     </span>
     <span class='ocr_line' id='line_1_24' title="bbox 222 2294 970 2372; baseline 0 -18"><span class='ocrx_word' id='word_1_152' title='bbox 222 2294 318 2371; x_wconf 86' lang='lat' dir='ltr'>cujus</span> <span class='ocrx_word' id='word_1_153' title='bbox 333 2294 503 2372; x_wconf 89' lang='lat' dir='ltr'>objectum</span> <span class='ocrx_word' id='word_1_154' title='bbox 524 2298 693 2372; x_wconf 89' lang='lat' dir='ltr'>proprium</span> <span class='ocrx_word' id='word_1_155' title='bbox 710 2299 760 2355; x_wconf 90' lang='lat' dir='ltr'>est</span> <span class='ocrx_word' id='word_1_156' title='bbox 774 2295 970 2356; x_wconf 87' lang='lat' dir='ltr'>universale.</span> 
     </span>
     <span class='ocr_line' id='line_1_25' title="bbox 232 2371 1022 2450; baseline 0 -16"><span class='ocrx_word' id='word_1_157' title='bbox 232 2373 236 2383; x_wconf 90' lang='lat'>&#39;</span> <span class='ocrx_word' id='word_1_158' title='bbox 266 2376 335 2434; x_wconf 86' lang='lat' dir='ltr'>llaec</span> <span class='ocrx_word' id='word_1_159' title='bbox 350 2371 489 2434; x_wconf 83' lang='lat' dir='ltr'>facultas</span> <span class='ocrx_word' id='word_1_160' title='bbox 504 2381 713 2450; x_wconf 88' lang='lat' dir='ltr'>nuncupatur</span> <span class='ocrx_word' id='word_1_161' title='bbox 726 2375 949 2450; x_wconf 80' lang='lat' dir='ltr'>iutettipeutia.</span> <span class='ocrx_word' id='word_1_162' title='bbox 1021 2401 1022 2404; x_wconf 38' lang='lat'>¹</span> 
     </span>
    </p>

    <p class='ocr_par' dir='ltr' id='par_1_8' title="bbox 220 2453 1233 3169">
     <span class='ocr_line' id='line_1_26' title="bbox 261 2453 1232 2527; baseline -0.001 -14"><span class='ocrx_word' id='word_1_163' title='bbox 261 2459 294 2513; x_wconf 80' lang='lat'>3⁰</span> <span class='ocrx_word' id='word_1_164' title='bbox 303 2455 404 2513; x_wconf 89' lang='lat' dir='ltr'>Homo</span> <span class='ocrx_word' id='word_1_165' title='bbox 422 2456 642 2527; x_wconf 89' lang='lat' dir='ltr'>patestetiam</span> <span class='ocrx_word' id='word_1_166' title='bbox 654 2453 805 2527; x_wconf 86' lang='lat' dir='ltr'>judicare</span> <span class='ocrx_word' id='word_1_167' title='bbox 820 2459 854 2515; x_wconf 87' lang='lat' dir='ltr'>et</span> <span class='ocrx_word' id='word_1_168' title='bbox 874 2454 1070 2515; x_wconf 88' lang='lat' dir='ltr'>ratiocinari.</span> <span class='ocrx_word' id='word_1_169' title='bbox 1089 2453 1157 2512; x_wconf 85' lang='lat' dir='ltr'>lste</span> <span class='ocrx_word' id='word_1_170' title='bbox 1179 2469 1232 2512; x_wconf 90' lang='lat' dir='ltr'>au-</span> 
     </span>
     <span class='ocr_line' id='line_1_27' title="bbox 223 2529 1233 2611; baseline -0.001 -19"><span class='ocrx_word' id='word_1_171' title='bbox 223 2529 1233 2611; x_wconf 80' lang='lat' dir='ltr'>temoperationeseifi&#39;cinequeuntpersensus‚quiaaliquam</span> 
     </span>
     <span class='ocr_line' id='line_1_28' title="bbox 220 2613 1231 2691; baseline 0.003 -21"><span class='ocrx_word' id='word_1_172' title='bbox 220 2613 400 2688; x_wconf 88' lang='lat' dir='ltr'>important</span> <span class='ocrx_word' id='word_1_173' title='bbox 420 2614 678 2684; x_wconf 83' lang='lat' dir='ltr'>abstractionem,</span> <span class='ocrx_word' id='word_1_174' title='bbox 704 2630 774 2691; x_wconf 73' lang='lat' dir='ltr'>quae</span> <span class='ocrx_word' id='word_1_175' title='bbox 798 2617 831 2676; x_wconf 93' lang='lat' dir='ltr'>in</span> <span class='ocrx_word' id='word_1_176' title='bbox 862 2630 902 2674; x_wconf 91' lang='lat' dir='ltr'>eo</span> <span class='ocrx_word' id='word_1_177' title='bbox 920 2613 1066 2673; x_wconf 82' lang='lat' dir='ltr'>consistit</span> <span class='ocrx_word' id='word_1_178' title='bbox 1080 2617 1116 2672; x_wconf 89' lang='lat' dir='ltr'>ut</span> <span class='ocrx_word' id='word_1_179' title='bbox 1145 2614 1231 2673; x_wconf 87' lang='lat' dir='ltr'>notio</span> 
     </span>
     <span class='ocr_line' id='line_1_29' title="bbox 222 2691 1230 2770; baseline 0.002 -19"><span class='ocrx_word' id='word_1_180' title='bbox 222 2693 330 2770; x_wconf 84' lang='lat' dir='ltr'>aliqua</span> <span class='ocrx_word' id='word_1_181' title='bbox 345 2691 573 2753; x_wconf 87' lang='lat' dir='ltr'>consideretur</span> <span class='ocrx_word' id='word_1_182' title='bbox 587 2693 853 2768; x_wconf 86' lang='lat' dir='ltr'>independenter</span> <span class='ocrx_word' id='word_1_183' title='bbox 868 2709 886 2752; x_wconf 90' lang='lat' dir='ltr'>a</span> <span class='ocrx_word' id='word_1_184' title='bbox 901 2693 1050 2769; x_wconf 81' lang='lat' dir='ltr'>subjecto</span> <span class='ocrx_word' id='word_1_185' title='bbox 1068 2693 1119 2752; x_wconf 92' lang='lat' dir='ltr'>oui</span> <span class='ocrx_word' id='word_1_186' title='bbox 1135 2694 1230 2754; x_wconf 90' lang='lat' dir='ltr'>inest.</span> 
     </span>
     <span class='ocr_line' id='line_1_30' title="bbox 220 2772 1231 2850; baseline 0.001 -19"><span class='ocrx_word' id='word_1_187' title='bbox 220 2772 320 2848; x_wconf 81' lang='lat' dir='ltr'>Atqui</span> <span class='ocrx_word' id='word_1_188' title='bbox 339 2787 457 2832; x_wconf 90' lang='lat' dir='ltr'>sensus</span> <span class='ocrx_word' id='word_1_189' title='bbox 472 2774 600 2833; x_wconf 87' lang='lat' dir='ltr'>nonnisi</span> <span class='ocrx_word' id='word_1_190' title='bbox 631 2778 784 2834; x_wconf 87' lang='lat' dir='ltr'>concreta</span> <span class='ocrx_word' id='word_1_191' title='bbox 810 2777 920 2850; x_wconf 91' lang='lat' dir='ltr'>potest</span> <span class='ocrx_word' id='word_1_192' title='bbox 948 2787 1165 2850; x_wconf 83' lang='lat' dir='ltr'>cognoscere,</span> <span class='ocrx_word' id='word_1_193' title='bbox 1195 2787 1231 2832; x_wconf 85' lang='lat' dir='ltr'>aa</span> 
     </span>
     <span class='ocr_line' id='line_1_31' title="bbox 222 2849 1232 2930; baseline 0 -20"><span class='ocrx_word' id='word_1_194' title='bbox 222 2849 360 2926; x_wconf 90' lang='lat' dir='ltr'>proinde</span> <span class='ocrx_word' id='word_1_195' title='bbox 375 2868 545 2929; x_wconf 88' lang='lat' dir='ltr'>nunquam</span> <span class='ocrx_word' id='word_1_196' title='bbox 559 2853 647 2912; x_wconf 88' lang='lat' dir='ltr'>valet</span> <span class='ocrx_word' id='word_1_197' title='bbox 668 2852 709 2913; x_wconf 85' lang='lat' dir='ltr'>ad</span> <span class='ocrx_word' id='word_1_198' title='bbox 725 2853 928 2914; x_wconf 79' lang='lat' dir='ltr'>efformanda</span> <span class='ocrx_word' id='word_1_199' title='bbox 952 2852 1076 2930; x_wconf 84' lang='lat' dir='ltr'>judicia</span> <span class='ocrx_word' id='word_1_200' title='bbox 1092 2858 1125 2912; x_wconf 82' lang='lat' dir='ltr'>et</span> <span class='ocrx_word' id='word_1_201' title='bbox 1138 2853 1232 2912; x_wconf 87' lang='lat' dir='ltr'>ratio-</span> 
     </span>
     <span class='ocr_line' id='line_1_32' title="bbox 222 2931 1230 3009; baseline 0.001 -19"><span class='ocrx_word' id='word_1_202' title='bbox 222 2931 317 2990; x_wconf 90' lang='lat' dir='ltr'>cinia.</span> <span class='ocrx_word' id='word_1_203' title='bbox 335 2931 435 3008; x_wconf 86' lang='lat' dir='ltr'>igitur</span> <span class='ocrx_word' id='word_1_204' title='bbox 447 2931 619 2993; x_wconf 90' lang='lat' dir='ltr'>indubium</span> <span class='ocrx_word' id='word_1_205' title='bbox 641 2937 692 2992; x_wconf 87' lang='lat' dir='ltr'>est</span> <span class='ocrx_word' id='word_1_206' title='bbox 715 2931 805 3009; x_wconf 88' lang='lat' dir='ltr'>quod</span> <span class='ocrx_word' id='word_1_207' title='bbox 820 2932 860 2992; x_wconf 90' lang='lat' dir='ltr'>ab</span> <span class='ocrx_word' id='word_1_208' title='bbox 883 2936 1016 2993; x_wconf 88' lang='lat' dir='ltr'>auctore</span> <span class='ocrx_word' id='word_1_209' title='bbox 1032 2939 1155 2992; x_wconf 80' lang='lat' dir='ltr'>naturae</span> <span class='ocrx_word' id='word_1_210' title='bbox 1174 2931 1230 2992; x_wconf 92' lang='lat' dir='ltr'>do·</span> 
     </span>
     <span class='ocr_line' id='line_1_33' title="bbox 221 3007 1230 3090; baseline 0.003 -23"><span class='ocrx_word' id='word_1_211' title='bbox 221 3007 290 3069; x_wconf 86' lang='lat' dir='ltr'>nati</span> <span class='ocrx_word' id='word_1_212' title='bbox 317 3025 427 3072; x_wconf 87' lang='lat' dir='ltr'>sumus</span> <span class='ocrx_word' id='word_1_213' title='bbox 448 3011 603 3072; x_wconf 83' lang='lat' dir='ltr'>facultate</span> <span class='ocrx_word' id='word_1_214' title='bbox 634 3011 744 3088; x_wconf 88' lang='lat' dir='ltr'>aliqua</span> <span class='ocrx_word' id='word_1_215' title='bbox 772 3011 975 3090; x_wconf 88' lang='lat' dir='ltr'>percipiendi</span> <span class='ocrx_word' id='word_1_216' title='bbox 1006 3011 1060 3072; x_wconf 88' lang='lat' dir='ltr'>illa</span> <span class='ocrx_word' id='word_1_217' title='bbox 1087 3011 1230 3090; x_wconf 79' lang='lat' dir='ltr'>objecta,</span> 
     </span>
     <span class='ocr_line' id='line_1_34' title="bbox 222 3091 1023 3169; baseline 0.007 -21"><span class='ocrx_word' id='word_1_218' title='bbox 222 3104 294 3166; x_wconf 81' lang='lat' dir='ltr'>qua</span> <span class='ocrx_word' id='word_1_219' title='bbox 308 3105 424 3151; x_wconf 89' lang='lat' dir='ltr'>sensus</span> <span class='ocrx_word' id='word_1_220' title='bbox 438 3091 570 3168; x_wconf 79' lang='lat' dir='ltr'>assequi</span> <span class='ocrx_word' id='word_1_221' title='bbox 585 3106 648 3169; x_wconf 90' lang='lat' dir='ltr'>non</span> <span class='ocrx_word' id='word_1_222' title='bbox 666 3095 814 3168; x_wconf 90' lang='lat' dir='ltr'>possunt.</span> <span class='ocrx_word' id='word_1_223' title='bbox 1022 3165 1023 3168; x_wconf 8' lang='grc' dir='ltr'><strong>Ἴ</strong></span> 
     </span>
    </p>

    <p class='ocr_par' dir='ltr' id='par_1_9' title="bbox 222 3169 1230 3550">
     <span class='ocr_line' id='line_1_35' title="bbox 265 3169 1230 3249; baseline 0.001 -20"><span class='ocrx_word' id='word_1_224' title='bbox 265 3169 332 3230; x_wconf 85' lang='grc'>188.</span> <span class='ocrx_word' id='word_1_225' title='bbox 356 3203 395 3213; x_wconf 86' lang='lat'><em>-</em></span> <span class='ocrx_word' id='word_1_226' title='bbox 409 3172 453 3230; x_wconf 80' lang='lat' dir='ltr'>Ex</span> <span class='ocrx_word' id='word_1_227' title='bbox 468 3171 561 3231; x_wconf 91' lang='lat' dir='ltr'>dictis</span> <span class='ocrx_word' id='word_1_228' title='bbox 576 3171 654 3249; x_wconf 83' lang='grc' dir='ltr'>(187,Ι</span> <span class='ocrx_word' id='word_1_229' title='bbox 674 3176 800 3231; x_wconf 86' lang='lat' dir='ltr'>constat</span> <span class='ocrx_word' id='word_1_230' title='bbox 827 3169 1017 3232; x_wconf 85' lang='lat' dir='ltr'>facultatem</span> <span class='ocrx_word' id='word_1_231' title='bbox 1046 3171 1130 3231; x_wconf 89' lang='lat' dir='ltr'>hanc</span> <span class='ocrx_word' id='word_1_232' title='bbox 1146 3171 1230 3231; x_wconf 88' lang='lat' dir='ltr'>varia</span> 
     </span>
     <span class='ocr_line' id='line_1_36' title="bbox 222 3249 1229 3326; baseline 0.003 -19"><span class='ocrx_word' id='word_1_233' title='bbox 222 3249 346 3309; x_wconf 87' lang='lat' dir='ltr'>babere</span> <span class='ocrx_word' id='word_1_234' title='bbox 367 3265 517 3312; x_wconf 87' lang='lat' dir='ltr'>munera.</span> <span class='ocrx_word' id='word_1_235' title='bbox 540 3252 651 3310; x_wconf 89' lang='lat' dir='ltr'>Potest</span> <span class='ocrx_word' id='word_1_236' title='bbox 676 3250 815 3326; x_wconf 86' lang='lat' dir='ltr'>simplici</span> <span class='ocrx_word' id='word_1_237' title='bbox 842 3249 960 3312; x_wconf 88' lang='lat' dir='ltr'>iutuitu</span> <span class='ocrx_word' id='word_1_238' title='bbox 980 3251 1151 3312; x_wconf 87' lang='lat' dir='ltr'>veritatem</span> <span class='ocrx_word' id='word_1_239' title='bbox 1175 3251 1229 3310; x_wconf 89' lang='lat' dir='ltr'>ali·</span> 
     </span>
     <span class='ocr_line' id='line_1_37' title="bbox 223 3328 1228 3408; baseline 0.002 -20"><span class='ocrx_word' id='word_1_240' title='bbox 223 3329 322 3405; x_wconf 83' lang='lat' dir='ltr'>quam</span> <span class='ocrx_word' id='word_1_241' title='bbox 338 3332 521 3406; x_wconf 81' lang='lat' dir='ltr'>percipere.</span> <span class='ocrx_word' id='word_1_242' title='bbox 539 3329 629 3407; x_wconf 88' lang='lat' dir='ltr'>quod</span> <span class='ocrx_word' id='word_1_243' title='bbox 645 3328 763 3390; x_wconf 87' lang='lat' dir='ltr'>dicitur</span> <span class='ocrx_word' id='word_1_244' title='bbox 776 3329 971 3405; x_wconf 68' lang='lat' dir='ltr'>iutetttpera·</span> <span class='ocrx_word' id='word_1_245' title='bbox 999 3334 1158 3408; x_wconf 81' lang='lat' dir='ltr'>praterea</span> <span class='ocrx_word' id='word_1_246' title='bbox 1170 3346 1228 3406; x_wconf 88' lang='lat' dir='ltr'>po·</span> 
     </span>
     <span class='ocr_line' id='line_1_38' title="bbox 223 3408 1230 3488; baseline 0.003 -20"><span class='ocrx_word' id='word_1_247' title='bbox 223 3412 288 3468; x_wconf 87' lang='lat' dir='ltr'>test</span> <span class='ocrx_word' id='word_1_248' title='bbox 302 3425 343 3469; x_wconf 82' lang='lat' dir='ltr'>ex</span> <span class='ocrx_word' id='word_1_249' title='bbox 357 3427 422 3470; x_wconf 89' lang='lat' dir='ltr'>uno</span> <span class='ocrx_word' id='word_1_250' title='bbox 435 3416 599 3485; x_wconf 88' lang='lat' dir='ltr'>conceptu</span> <span class='ocrx_word' id='word_1_251' title='bbox 608 3411 753 3472; x_wconf 88' lang='lat' dir='ltr'>veritatis</span> <span class='ocrx_word' id='word_1_252' title='bbox 763 3408 804 3470; x_wconf 89' lang='lat' dir='ltr'>ad</span> <span class='ocrx_word' id='word_1_253' title='bbox 819 3409 918 3470; x_wconf 90' lang='lat' dir='ltr'>alium</span> <span class='ocrx_word' id='word_1_254' title='bbox 932 3408 1127 3487; x_wconf 86' lang='lat' dir='ltr'>procedere,</span> <span class='ocrx_word' id='word_1_255' title='bbox 1137 3409 1230 3488; x_wconf 54' lang='lat' dir='ltr'>‘quod</span> 
     </span>
     <span class='ocr_line' id='line_1_39' title="bbox 223 3488 557 3550; baseline 0 0"><span class='ocrx_word' id='word_1_256' title='bbox 223 3488 340 3550; x_wconf 86' lang='lat' dir='ltr'>dicitur</span> <span class='ocrx_word' id='word_1_257' title='bbox 353 3490 557 3550; x_wconf 79' lang='lat' dir='ltr'>ratiocinari.</span> 
     </span>
    </p>
   </div>
   <div class='ocr_carea' id='block_1_7' title="bbox 227 3603 1230 3732">
    <p class='ocr_par' dir='ltr' id='par_1_10' title="bbox 227 3603 1230 3732">
     <span class='ocr_line' id='line_1_40' title="bbox 255 3603 1230 3677; baseline 0.006 -21"><span class='ocrx_word' id='word_1_258' title='bbox 255 3612 292 3666; x_wconf 87' lang='lat' dir='ltr'>(a)</span> <span class='ocrx_word' id='word_1_259' title='bbox 307 3609 340 3657; x_wconf 92' lang='grc' dir='ltr'>Ι).</span> <span class='ocrx_word' id='word_1_260' title='bbox 350 3609 445 3657; x_wconf 84' lang='lat' dir='ltr'>Thom.</span> <span class='ocrx_word' id='word_1_261' title='bbox 457 3624 485 3672; x_wconf 85' lang='lat' dir='ltr'>p.</span> <span class='ocrx_word' id='word_1_262' title='bbox 502 3623 511 3656; x_wconf 92' lang='lat'>1</span> <span class='ocrx_word' id='word_1_263' title='bbox 525 3623 568 3670; x_wconf 87' lang='lat' dir='ltr'>qu.</span> <span class='ocrx_word' id='word_1_264' title='bbox 583 3612 713 3670; x_wconf 82' lang='lat' dir='ltr'>xv11‚art.</span> <span class='ocrx_word' id='word_1_265' title='bbox 726 3607 741 3656; x_wconf 87' lang='lat'><strong>3</strong></span> <span class='ocrx_word' id='word_1_266' title='bbox 756 3609 787 3658; x_wconf 86' lang='lat' dir='ltr'>ad</span> <span class='ocrx_word' id='word_1_267' title='bbox 804 3610 834 3670; x_wconf 80' lang='lat'>23</span> <span class='ocrx_word' id='word_1_268' title='bbox 849 3624 893 3674; x_wconf 88' lang='lat' dir='ltr'>qu.</span> <span class='ocrx_word' id='word_1_269' title='bbox 913 3610 947 3662; x_wconf 79' lang='lat'>82</span> <span class='ocrx_word' id='word_1_270' title='bbox 959 3626 984 3660; x_wconf 89' lang='lat' dir='ltr'>a.</span> <span class='ocrx_word' id='word_1_271' title='bbox 996 3611 1028 3673; x_wconf 75' lang='lat'>23</span> <span class='ocrx_word' id='word_1_272' title='bbox 1043 3603 1092 3675; x_wconf 73' lang='lat' dir='ltr'>&#39;qq.</span> <span class='ocrx_word' id='word_1_273' title='bbox 1118 3609 1183 3677; x_wconf 83' lang='lat' dir='ltr'>disp.</span> <span class='ocrx_word' id='word_1_274' title='bbox 1197 3612 1230 3662; x_wconf 81' lang='lat' dir='ltr'>de</span> 
     </span>
     <span class='ocr_line' id='line_1_41' title="bbox 227 3669 563 3732; baseline 0.003 -16"><span class='ocrx_word' id='word_1_275' title='bbox 227 3669 348 3716; x_wconf 83' lang='lat' dir='ltr'>Veritate</span> <span class='ocrx_word' id='word_1_276' title='bbox 362 3685 405 3732; x_wconf 83' lang='lat' dir='ltr'>qu</span> <span class='ocrx_word' id='word_1_277' title='bbox 417 3669 457 3727; x_wconf 86' lang='lat'>15,</span> <span class='ocrx_word' id='word_1_278' title='bbox 471 3674 521 3718; x_wconf 82' lang='lat' dir='ltr'>art.</span> <span class='ocrx_word' id='word_1_279' title='bbox 541 3669 563 3717; x_wconf 90' lang='lat'>1.</span> 
     </span>
    </p>
   </div>
   <div class='ocr_carea' id='block_1_8' title="bbox 0 0 1330 4242">
    <p class='ocr_par' dir='ltr' id='par_1_11' title="bbox 0 0 1330 4242">
     <span class='ocr_line' id='line_1_42' title="bbox 0 0 1330 4242; baseline 0 0"><span class='ocrx_word' id='word_1_280' title='bbox 0 0 1330 4242; x_wconf 95' lang='lat' dir='ltr'> </span> 
     </span>
    </p>
   </div>
  </div>
 </body>
</html>
